2980 4576
336 349 387 403 150
770 347 933 400 Prolegomena

275 539 325 594 195
334 533 447 592 tionem
456 524 650 612 (διόρθωσιν
660 536 713 590 aut
724 523 891 612 ἒξήγηὶσιν)
899 531 1049 608 professos
1064 549 1139 606 esse,
1153 531 1214 590 iam
1228 531 1281 590 alii
1292 533 1376 590 'recte

335 642 514 698 monuerunt
519 657 526 715 ;
549 637 641 714 idque
655 642 686 697 et
697 654 747 696 res
760 636 826 713 ipsa
841 641 872 696 et
885 637 1002 712 modus,
1018 655 1076 714 quo
1091 637 1264 711 laudantur,
1287 654 1377 712 saepe

335 761 395 801 non
404 743 527 802 obscure
538 743 644 818 arguit.
664 741 754 802 Multi
766 742 846 802 enim
858 741 1024 817 singulares
1034 747 1134 818 partes
1144 742 1301 831 utriusque
1312 759 1378 800 mu·

334 848 415 907 neris
423 846 591 907 tractandas
603 847 660 907 sibi
669 851 861 923 sumpserunt
872 832 1074 923 singularibus
1086 846 1215 923 scriptis,
1226 846 1379 924 inquibus

335 954 385 1012 vel
406 953 533 1012 latentes
556 953 772 1012 sententiarum
786 953 941 1028 scrupulos
962 951 1115 1027 tollerent,
1136 969 1231 1029 equo
1252 969 1379 1011 numero
1414 1027 1418 1038 .

336 1063 422 1118 erant
443 1049 624 1117 ἒνστατικοὶ
644 1062 675 1117 01
695 1047 884 1137 laetato),
906 1058 955 1117 vel
975 1075 1074 1117 1110103
1093 1057 1281 1118 heroiconun
1302 1061 1380 1116 tem-

276 1170 327 1224 196
335 1181 449 1240 porum,
457 1163 505 1223 vel
516 1163 763 1223 consuetudinem
775 1162 927 1222 Homerici
937 1163 1084 1222 sermonis
1097 1164 1130 1222 in
1145 1156 1380 1243 universum⁶⁶),

423 1401 467 1467 65)
491 1400 562 1454 Vide
579 1403 696 1456 Wower.
716 1402 749 1454 de
771 1401 924 1470 Polymath.
943 1420 965 1456 0.
986 1401 1027 1456 10.
1045 1402 1117 1456 lons.
1140 1402 1174 1455 de
1190 1402 1217 1456 S,
1236 1401 1270 1456 H.
1291 1402 1322 1456 P.
1342 1402 1379 1456 Π.

335 1505 360 1556 p.
381 1488 440 1540 247.
455 1488 584 1543 Valcken.
599 1490 632 1542 de
645 1488 745 1542 Scholl.
758 1489 787 1541 in
797 1489 876 1544 Hom.
890 1489 1003 1544 ineditis
1022 1489 1133 1558 [Opusc.
1146 1487 1195 1557 IL]
1213 1507 1239 1558 p.
1254 1489 1313 1544 145.
1328 1491 1379 1544 010.

335 1575 394 1629 Iam
413 1592 495 1644 supra
506 1576 585 1631 attuli
601 1571 692 1631 locum
705 1576 936 1646 Porphyrium,
955 1595 969 1632 e
982 1594 1035 1647 quo
1048 1579 1170 1646 apparet,
1187 1577 1258 1632 hanc
1271 1593 1382 1631 omnem

334 1678 394 1716 rem
420 1664 492 1731 apud
518 1663 716 1718 Alexandrinos
743 1681 759 1718 a
785 1665 1013 1734 disputationibus
1040 1667 1067 1719 et
1091 1663 1233 1733 colloquiis
1258 1664 1381 1718 virorum

238 1768 242 1776 ¹
336 1751 474 1804 doctorum
499 1753 646 1819 proiectam
671 1767 740 1806 0330.
776 1752 828 1807 Π10
846 1769 910 1807 mox
930 1769 985 1807 una
1004 1769 1067 1806 cum
1084 1751 1265 1806 solutionibus
1283 1751 1381 1805 referri

336 1838 458 1892 solebant
485 1837 514 1891 in
540 1838 656 1908 litteras,
685 1839 874 1908 faciebantque
902 1839 980 1908 quasi
1008 1833 1139 1908 quosdam
1167 1837 1381 1894 Commentarios

335 1925 471 1994 sodalicii,
490 1925 673 1994 inspiciendos
685 1928 776 1980 forsan
788 1926 964 1994 PtolemaeiS,
984 1943 1046 1981 cum
1060 1927 1265 1994 concoquerent.
1292 1928 1386 1996 Atque

336 2013 369 2065 de
387 2012 432 2067 his
446 2013 647 2068 commentariis
667 2011 774 2080 (Deoia
790 2018 890 2066 vexata
902 2013 1017 2066 Homeri
1034 2013 1109 2067 dicas
1125 2012 1226 2066 biblico
1239 2013 1384 2079 vocabulo)

334 2117 406 2153 nunc
430 2099 509 2167 plura
530 2101 609 2156 nobis
630 2101 808 2155 innotuerunt
824 2118 866 2168 ex
889 2101 969 2156 novis
988 2100 1118 2169 Scholiis,
1146 2100 1195 2155 sed
1217 2101 1386 2168 paucissima

334 2186 464 2242 Zenodoti
486 2187 610 2258 Ephesii,
634 2189 666 2242 111
690 2189 725 2242 ad
750 2208 775 2243 α,
795 2189 837 2242 21.
855 2189 918 2257 [24]
943 2187 1043 2257 a12,
1071 2187 1136 2254 (nisi
1159 2187 1206 2242 hio
1230 2189 1272 2242 est
1296 2188 1387 2242 minor
1477 2203 1478 2220 1

334 2274 497 2342 denodatus,
517 2275 562 2328 0111
575 2274 673 2330 Suidas
685 2276 791 2336 Λύσεις
801 2271 955 2345 Ὁμηρικῶν
968 2276 1159 2344 ἀπορημάτων
1170 2274 1286 2342 tribuit)
1305 2276 1386 2346 longe

333 2361 451 2431 plurima
474 2364 565 2418 tamen
589 2363 648 2417 sine
672 2365 827 2418 nominibus
846 2365 994 2419 auctorum.
1031 2363 1064 2417 In
1089 2363 1134 2416 his
1153 2363 1237 2433 igitur
1254 2362 1385 2433 leguntur

333 2450 447 2504 fortasse
473 2449 604 2505 nonnulla
627 2467 662 2504 ex
688 2451 815 2519 operibus
842 2451 925 2504 trium
944 2449 1200 2519 Peripateticorum,
1228 2450 1385 2504 Heraclidis
1478 2467 1479 2490 ³

333 2536 453 2606 Pontici,
482 2537 709 2606 Chamaeleontis,
738 2537 912 2608 Megaclidis,
932 2540 967 2591 Ι01
989 2537 1112 2592 aliorum.
1149 2537 1184 2592 ut
1201 2537 1383 2592 Chamaeleon
1478 2577 1479 2580 ¹

335 2623 445 2691 quidem
463 2627 504 2678 ter
520 2624 593 2680 laud.
612 2626 646 2679 ad
663 2644 695 2694 μ.
712 2625 770 2678 231.
792 2635 823 2694 ψ.
838 2625 880 2679 94.
899 2625 959 2679 454.
978 2642 1013 2679 ex
1031 2624 1100 2679 libro
1121 2626 1185 2693 περὶ
1200 2620 1332 2686 Ἰλιάδος,
1354 2626 1385 2678 ut

334 2710 501 2779 suspicor;*)
526 2711 691 2782 Megaclides
715 2715 811 2781 qnater
834 2729 869 2766 ex
894 2712 962 2766 libro
986 2713 1050 2781 περὶ
1070 2707 1199 2781 Ὀμήρου,
1224 2710 1384 2765 0110274.

335 2816 364 2849 π.
384 2797 443 2852 141).
461 2818 490 2867 χ.
508 2799 550 2852 36,
569 2799 629 2854 265.
666 2800 700 2854 In
723 2799 905 2854 celeberrimis
923 2801 1014 2853 autem
1032 2801 1152 2858 λυτικοῖς
1174 2798 1226 2852 fuit
1248 2798 1300 2851 sub
1318 2798 1383 2853 Pto·

332 2885 437 2939 lemaeo
455 2884 635 2955 Philadelpho
649 2886 772 2942 Sosibius
789 2887 873 2955 Laco,
894 2887 928 2940 de
946 2903 998 2956 quo
1016 2885 1137 2954 lepidam
1153 2885 1273 2940 fabulam
1290 2888 1385 2941 001101

333 2973 433 3026 Athen.
452 2973 502 3027 Xl.
519 2991 545 3042 p.
559 2975 618 3028 493.
637 2974 682 3043 H,
701 2976 773 3028 unde
792 2973 876 3028 semel
894 2976 1059 3028 memoratur
1075 2973 1229 3041 Eustathio,
1250 2974 1383 3028 30111113-

334 3076 417 3128 quam
434 3061 464 3113 in
476 3059 601 3116 Scholiis.
632 3063 718 3116 Docet
735 3062 784 3116 illa
802 3061 907 3129 fabula,
927 3078 1008 3130 quam
1027 3060 1151 3115 curiosus
1163 3059 1273 3115 illarum
1291 3077 1384 3114 rerum

331 3147 416 3201 fuerit
441 3147 647 3217 Philadelphus.
694 3149 876 3204 Notissimum
903 3151 945 3202 est
972 3147 1062 3203 simile
1089 3147 1212 3202 studium
1238 3147 1337 3202 liberii
1367 3164 1382 3200 0

334 3233 516 3289 61101070.
869 3255 872 3260 ·

421 3321 466 3387 66)
494 3321 535 3374 De
563 3321 684 3376 moribus
713 3321 823 3391 quidem
847 3338 983 3390 perpauca
1006 3321 1107 3388 scripta
1131 3323 1382 3389 commemorantur,

332 3409 386 3463 nisi
407 3426 438 3463 eo
457 3409 556 3462 referre
574 3408 644 3462 velis
659 3409 694 3461 τὰ
713 3412 778 3479 περὶ
796 3417 844 3475 τῆς
861 3405 926 3461 xcd’
938 3402 1062 3477 Ὅμηρον
1077 3416 1204 3474 τακτικῆς
1221 3425 1263 3478 ap.
1277 3409 1382 3464 Aeliam

331 3497 454 3550 Prooem.
478 3495 550 3550 Tact.
574 3495 620 3550 vel
643 3495 678 3548 τὰ
708 3498 772 3565 περὶ
802 3499 976 3562 ciceronum
998 3503 1046 3561 τῆς
1068 3514 1092 3549 κ.
1106 3489 1146 3548 ‘'0.
1172 3496 1202 3549 in
1225 3495 1322 3552 Scholl.
1348 3498 1382 3551 ad

330 3590 356 3651 β.
377 3583 437 3638 305.
456 3599 571 3652 qnorum
589 3585 740 3652 auctorem,
765 3585 843 3653 puto,
867 3600 955 3637 unum
972 3584 1099 3637 novimus
1119 3600 1154 3637 ex
1172 3582 1268 3653 Suida,
1292 3583 1382 3638 Polle-

331 3672 400 3740 tem,
424 3670 532 3739 aliaque
550 3669 653 3725 similia
670 3688 687 3725 0
704 3670 873 3740 philosophis
898 3673 925 3725 et
942 3669 1098 3725 rhetoribus
1117 3673 1304 3726 commentata.
1340 3671 1382 3726 De

412 3825 444 3882 [')
458 3825 552 3868 Accedit
571 3837 600 3869 ex
615 3825 687 3869 Schol.
700 3825 730 3884 y.
745 3833 765 3868 τ,
782 3826 823 3880 62]
