<?xml version="1.0" encoding="UTF-8"?>
<!DOCTYPE html PUBLIC "-//W3C//DTD XHTML 1.0 Transitional//EN"
    "http://www.w3.org/TR/xhtml1/DTD/xhtml1-transitional.dtd">
<html xmlns="http://www.w3.org/1999/xhtml" xml:lang="en" lang="en">
 <head>
  <title>
</title>
<meta http-equiv="Content-Type" content="text/html;charset=utf-8" />
  <meta name='ocr-system' content='tesseract 3.04.00' />
  <meta name='ocr-capabilities' content='ocr_page ocr_carea ocr_par ocr_line ocrx_word'/>
</head>
<body>
  <div class='ocr_page' id='page_1' title='image "./prolegomenaadho05wolfgoog/prolegomenaadho05wolfgoog_0113.png"; bbox 0 0 2980 4576; ppageno 0'>
   <div class='ocr_carea' id='block_1_1' title="bbox 546 313 1160 368">
    <p class='ocr_par' dir='ltr' id='par_1_1' title="bbox 546 313 1160 368">
     <span class='ocr_line' id='line_1_1' title="bbox 546 313 1160 368; baseline 0 -10"><span class='ocrx_word' id='word_1_1' title='bbox 546 315 709 368; x_wconf 78' lang='lat' dir='ltr'>Prolegomena.</span> <span class='ocrx_word' id='word_1_2' title='bbox 1126 313 1160 366; x_wconf 78' lang='grc'>97</span> 
     </span>
    </p>
   </div>
   <div class='ocr_carea' id='block_1_2' title="bbox 119 493 1226 2990">
    <p class='ocr_par' dir='ltr' id='par_1_2' title="bbox 120 493 1164 1305">
     <span class='ocr_line' id='line_1_2' title="bbox 120 493 1161 575; baseline -0.002 -21"><span class='ocrx_word' id='word_1_3' title='bbox 120 514 227 556; x_wconf 83' lang='lat' dir='ltr'>novum</span> <span class='ocrx_word' id='word_1_4' title='bbox 260 504 471 575; x_wconf 81' lang='lat' dir='ltr'><strong>argumentum</strong></span> <span class='ocrx_word' id='word_1_5' title='bbox 501 498 671 557; x_wconf 87' lang='lat' dir='ltr'>ducendum</span> <span class='ocrx_word' id='word_1_6' title='bbox 704 505 750 557; x_wconf 89' lang='lat' dir='ltr'>est</span> <span class='ocrx_word' id='word_1_7' title='bbox 780 515 819 556; x_wconf 86' lang='lat' dir='ltr'>ex</span> <span class='ocrx_word' id='word_1_8' title='bbox 843 499 909 574; x_wconf 88' lang='lat' dir='ltr'>ipsa</span> <span class='ocrx_word' id='word_1_9' title='bbox 931 497 1044 556; x_wconf 91' lang='lat' dir='ltr'>ratione</span> <span class='ocrx_word' id='word_1_10' title='bbox 1068 493 1161 570; x_wconf 78' lang='lat' dir='ltr'>Cycli,</span> 
     </span>
     <span class='ocr_line' id='line_1_3' title="bbox 121 601 1162 681; baseline -0.002 -21"><span class='ocrx_word' id='word_1_11' title='bbox 121 602 235 678; x_wconf 89' lang='lat' dir='ltr'>qualem</span> <span class='ocrx_word' id='word_1_12' title='bbox 257 621 327 662; x_wconf 92' lang='lat' dir='ltr'>eum</span> <span class='ocrx_word' id='word_1_13' title='bbox 354 623 393 664; x_wconf 84' lang='lat' dir='ltr'>ex</span> <span class='ocrx_word' id='word_1_14' title='bbox 418 605 482 662; x_wconf 93' lang='grc'>1000</span> <span class='ocrx_word' id='word_1_15' title='bbox 513 603 599 678; x_wconf 82' lang='lat' dir='ltr'>Lycii</span> <span class='ocrx_word' id='word_1_16' title='bbox 627 603 726 662; x_wconf 92' lang='lat' dir='ltr'>Procli</span> <span class='ocrx_word' id='word_1_17' title='bbox 754 603 833 681; x_wconf 92' lang='lat' dir='ltr'>apud</span> <span class='ocrx_word' id='word_1_18' title='bbox 860 602 1001 661; x_wconf 89' lang='lat' dir='ltr'>Photium</span> <span class='ocrx_word' id='word_1_19' title='bbox 1023 601 1162 677; x_wconf 85' lang='lat' dir='ltr'>cognovi·</span> 
     </span>
     <span class='ocr_line' id='line_1_4' title="bbox 122 700 1163 786; baseline -0.001 -22"><span class='ocrx_word' id='word_1_20' title='bbox 122 725 193 766; x_wconf 90' lang='lat' dir='ltr'>mus.</span> <span class='ocrx_word' id='word_1_21' title='bbox 240 707 358 786; x_wconf 78' lang='lat' dir='ltr'>Quippe</span> <span class='ocrx_word' id='word_1_22' title='bbox 385 709 444 766; x_wconf 84' lang='lat' dir='ltr'>fuit</span> <span class='ocrx_word' id='word_1_23' title='bbox 472 709 523 767; x_wconf 93' lang='grc'>1110</span> <span class='ocrx_word' id='word_1_24' title='bbox 545 708 707 767; x_wconf 83' lang='grc'>0101101010</span> <span class='ocrx_word' id='word_1_25' title='bbox 727 700 829 784; x_wconf 71' lang='grc' dir='ltr'><em>ἐπῶν,</em></span> <span class='ocrx_word' id='word_1_26' title='bbox 864 709 900 766; x_wconf 96' lang='lat' dir='ltr'>ab</span> <span class='ocrx_word' id='word_1_27' title='bbox 934 707 1030 766; x_wconf 88' lang='lat' dir='ltr'>initiis</span> <span class='ocrx_word' id='word_1_28' title='bbox 1063 724 1163 766; x_wconf 86' lang='lat' dir='ltr'>rerum</span> 
     </span>
     <span class='ocr_line' id='line_1_5' title="bbox 121 809 1163 887; baseline -0.001 -19"><span class='ocrx_word' id='word_1_29' title='bbox 121 829 214 887; x_wconf 90' lang='lat' dir='ltr'>usque</span> <span class='ocrx_word' id='word_1_30' title='bbox 248 811 286 868; x_wconf 89' lang='lat' dir='ltr'>ad</span> <span class='ocrx_word' id='word_1_31' title='bbox 320 819 445 871; x_wconf 91' lang='lat' dir='ltr'>mortem</span> <span class='ocrx_word' id='word_1_32' title='bbox 478 809 599 886; x_wconf 86' lang='lat' dir='ltr'>Ulyssis</span> <span class='ocrx_word' id='word_1_33' title='bbox 621 812 829 886; x_wconf 88' lang='lat' dir='ltr'>deductorum,</span> <span class='ocrx_word' id='word_1_34' title='bbox 862 811 1013 885; x_wconf 87' lang='lat' dir='ltr'>collecti0,</span> <span class='ocrx_word' id='word_1_35' title='bbox 1044 827 1163 868; x_wconf 90' lang='lat' dir='ltr'>omnem</span> 
     </span>
     <span class='ocr_line' id='line_1_6' title="bbox 122 915 1163 991; baseline -0.001 -18"><span class='ocrx_word' id='word_1_36' title='bbox 122 933 210 991; x_wconf 81' lang='lat' dir='ltr'>prope</span> <span class='ocrx_word' id='word_1_37' title='bbox 239 915 402 975; x_wconf 89' lang='lat' dir='ltr'>fabularem</span> <span class='ocrx_word' id='word_1_38' title='bbox 432 917 585 976; x_wconf 80' lang='lat' dir='ltr'><strong>historiam</strong></span> <span class='ocrx_word' id='word_1_39' title='bbox 609 921 745 991; x_wconf 72' lang='lat' dir='ltr'>perpetua</span> <span class='ocrx_word' id='word_1_40' title='bbox 776 921 802 973; x_wconf 78' lang='lat' dir='ltr'>at</span> <span class='ocrx_word' id='word_1_41' title='bbox 830 917 958 974; x_wconf 75' lang='grc'>00101010·</span> <span class='ocrx_word' id='word_1_42' title='bbox 987 917 1055 972; x_wconf 65' lang='lat' dir='ltr'>aare</span> <span class='ocrx_word' id='word_1_43' title='bbox 1085 933 1163 973; x_wconf 91' lang='lat' dir='ltr'>com-</span> 
     </span>
     <span class='ocr_line' id='line_1_7' title="bbox 121 1019 1164 1098; baseline 0 -20"><span class='ocrx_word' id='word_1_44' title='bbox 121 1019 263 1095; x_wconf 89' lang='lat' dir='ltr'>plectens.</span> <span class='ocrx_word' id='word_1_45' title='bbox 310 1021 357 1078; x_wconf 85' lang='lat' dir='ltr'>Hx</span> <span class='ocrx_word' id='word_1_46' title='bbox 381 1039 439 1098; x_wconf 91' lang='lat' dir='ltr'>quo</span> <span class='ocrx_word' id='word_1_47' title='bbox 469 1039 528 1080; x_wconf 92' lang='lat' dir='ltr'>unc</span> <span class='ocrx_word' id='word_1_48' title='bbox 559 1021 632 1080; x_wconf 90' lang='lat' dir='ltr'>satis</span> <span class='ocrx_word' id='word_1_49' title='bbox 657 1027 794 1096; x_wconf 89' lang='lat' dir='ltr'>apparet,</span> <span class='ocrx_word' id='word_1_50' title='bbox 825 1021 961 1096; x_wconf 81' lang='lat' dir='ltr'>chlicos</span> <span class='ocrx_word' id='word_1_51' title='bbox 990 1025 1092 1096; x_wconf 75' lang='lat' dir='ltr'>poetas</span> <span class='ocrx_word' id='word_1_52' title='bbox 1114 1037 1164 1079; x_wconf 91' lang='lat' dir='ltr'>res</span> 
     </span>
     <span class='ocr_line' id='line_1_8' title="bbox 122 1125 1164 1203; baseline 0.001 -21"><span class='ocrx_word' id='word_1_53' title='bbox 122 1143 190 1183; x_wconf 87' lang='lat' dir='ltr'>suas</span> <span class='ocrx_word' id='word_1_54' title='bbox 213 1126 317 1184; x_wconf 87' lang='lat' dir='ltr'>eodem</span> <span class='ocrx_word' id='word_1_55' title='bbox 341 1125 457 1200; x_wconf 82' lang='lat' dir='ltr'><strong>ordine,</strong></span> <span class='ocrx_word' id='word_1_56' title='bbox 490 1145 548 1203; x_wconf 90' lang='lat' dir='ltr'>quo</span> <span class='ocrx_word' id='word_1_57' title='bbox 577 1126 719 1201; x_wconf 82' lang='lat' dir='ltr'>deinceps</span> <span class='ocrx_word' id='word_1_58' title='bbox 744 1132 920 1186; x_wconf 76' lang='lat' dir='ltr'>consecutae</span> <span class='ocrx_word' id='word_1_59' title='bbox 953 1130 1070 1199; x_wconf 85' lang='lat' dir='ltr'>essent,</span> <span class='ocrx_word' id='word_1_60' title='bbox 1104 1143 1164 1184; x_wconf 91' lang='lat' dir='ltr'>non</span> 
     </span>
     <span class='ocr_line' id='line_1_9' title="bbox 122 1228 835 1305; baseline 0.006 -19"><span class='ocrx_word' id='word_1_61' title='bbox 122 1230 158 1286; x_wconf 88' lang='lat' dir='ltr'>ad</span> <span class='ocrx_word' id='word_1_62' title='bbox 178 1231 304 1288; x_wconf 83' lang='lat' dir='ltr'>formam</span> <span class='ocrx_word' id='word_1_63' title='bbox 326 1228 479 1305; x_wconf 81' lang='lat' dir='ltr'>Odysseae</span> <span class='ocrx_word' id='word_1_64' title='bbox 501 1235 635 1304; x_wconf 88' lang='lat' dir='ltr'>nostrae,</span> <span class='ocrx_word' id='word_1_65' title='bbox 659 1231 835 1290; x_wconf 78' lang='lat' dir='ltr'>narravisse.</span> 
     </span>
    </p>

    <p class='ocr_par' dir='ltr' id='par_1_3' title="bbox 119 1335 1226 2990">
     <span class='ocr_line' id='line_1_10' title="bbox 209 1335 1164 1413; baseline 0.002 -21"><span class='ocrx_word' id='word_1_66' title='bbox 209 1335 290 1408; x_wconf 83' lang='lat' dir='ltr'>Quae</span> <span class='ocrx_word' id='word_1_67' title='bbox 315 1354 408 1412; x_wconf 93' lang='lat' dir='ltr'>quum</span> <span class='ocrx_word' id='word_1_68' title='bbox 430 1337 472 1394; x_wconf 90' lang='lat' dir='ltr'>ita</span> <span class='ocrx_word' id='word_1_69' title='bbox 488 1337 561 1411; x_wconf 89' lang='lat' dir='ltr'>sint,</span> <span class='ocrx_word' id='word_1_70' title='bbox 582 1337 650 1413; x_wconf 89' lang='lat' dir='ltr'>quis</span> <span class='ocrx_word' id='word_1_71' title='bbox 669 1342 756 1412; x_wconf 90' lang='lat' dir='ltr'>putet</span> <span class='ocrx_word' id='word_1_72' title='bbox 778 1336 846 1395; x_wconf 89' lang='lat' dir='ltr'>illos</span> <span class='ocrx_word' id='word_1_73' title='bbox 862 1353 965 1395; x_wconf 89' lang='lat' dir='ltr'>omnes</span> <span class='ocrx_word' id='word_1_74' title='bbox 981 1354 1046 1394; x_wconf 91' lang='lat' dir='ltr'>eam</span> <span class='ocrx_word' id='word_1_75' title='bbox 1062 1342 1164 1410; x_wconf 90' lang='lat' dir='ltr'>artem,</span> 
     </span>
     <span class='ocr_line' id='line_1_11' title="bbox 123 1442 1164 1518; baseline 0.001 -20"><span class='ocrx_word' id='word_1_76' title='bbox 123 1459 197 1517; x_wconf 91' lang='lat' dir='ltr'>quae</span> <span class='ocrx_word' id='word_1_77' title='bbox 231 1446 290 1499; x_wconf 90' lang='lat' dir='ltr'>tam</span> <span class='ocrx_word' id='word_1_78' title='bbox 323 1442 452 1501; x_wconf 80' lang='lat' dir='ltr'>eximiae</span> <span class='ocrx_word' id='word_1_79' title='bbox 484 1442 676 1518; x_wconf 86' lang='lat' dir='ltr'>perfectionis</span> <span class='ocrx_word' id='word_1_80' title='bbox 707 1460 797 1500; x_wconf 85' lang='lat' dir='ltr'>eausa</span> <span class='ocrx_word' id='word_1_81' title='bbox 824 1448 885 1515; x_wconf 92' lang='lat' dir='ltr'>est,</span> <span class='ocrx_word' id='word_1_82' title='bbox 919 1442 945 1500; x_wconf 90' lang='lat' dir='ltr'>si</span> <span class='ocrx_word' id='word_1_83' title='bbox 979 1444 1015 1500; x_wconf 89' lang='lat' dir='ltr'>ab</span> <span class='ocrx_word' id='word_1_84' title='bbox 1036 1443 1164 1502; x_wconf 89' lang='lat' dir='ltr'>Homero</span> 
     </span>
     <span class='ocr_line' id='line_1_12' title="bbox 123 1542 1165 1621; baseline 0.001 -17"><span class='ocrx_word' id='word_1_85' title='bbox 123 1542 287 1605; x_wconf 77' lang='lat' dir='ltr'>adhibitam</span> <span class='ocrx_word' id='word_1_86' title='bbox 309 1547 470 1621; x_wconf 88' lang='lat' dir='ltr'>vidissent,</span> <span class='ocrx_word' id='word_1_87' title='bbox 500 1552 553 1606; x_wconf 86' lang='lat' dir='ltr'>aut</span> <span class='ocrx_word' id='word_1_88' title='bbox 582 1565 642 1605; x_wconf 93' lang='lat' dir='ltr'>non</span> <span class='ocrx_word' id='word_1_89' title='bbox 671 1547 874 1621; x_wconf 82' lang='lat' dir='ltr'>intellexisse,</span> <span class='ocrx_word' id='word_1_90' title='bbox 905 1553 956 1606; x_wconf 89' lang='lat' dir='ltr'>aut</span> <span class='ocrx_word' id='word_1_91' title='bbox 983 1548 1165 1607; x_wconf 78' lang='lat' dir='ltr'>intellectam</span> 
     </span>
     <span class='ocr_line' id='line_1_13' title="bbox 123 1652 1166 1729; baseline 0.001 -19"><span class='ocrx_word' id='word_1_92' title='bbox 123 1652 268 1710; x_wconf 85' lang='lat' dir='ltr'>aemulari</span> <span class='ocrx_word' id='word_1_93' title='bbox 297 1653 450 1712; x_wconf 79' lang='lat' dir='ltr'>noluisse?</span> <span class='ocrx_word' id='word_1_94' title='bbox 494 1652 572 1711; x_wconf 89' lang='lat' dir='ltr'>Nam</span> <span class='ocrx_word' id='word_1_95' title='bbox 600 1671 638 1711; x_wconf 89' lang='lat' dir='ltr'>ne</span> <span class='ocrx_word' id='word_1_96' title='bbox 662 1671 722 1711; x_wconf 90' lang='lat' dir='ltr'>non</span> <span class='ocrx_word' id='word_1_97' title='bbox 750 1654 986 1728; x_wconf 44' lang='lat' dir='ltr'>potuerintne</span> <span class='ocrx_word' id='word_1_98' title='bbox 1009 1654 1166 1729; x_wconf 85' lang='lat' dir='ltr'>ingenium</span> 
     </span>
     <span class='ocr_line' id='line_1_14' title="bbox 123 1757 1166 1833; baseline 0.003 -18"><span class='ocrx_word' id='word_1_99' title='bbox 123 1757 176 1815; x_wconf 89' lang='lat' dir='ltr'>tali</span> <span class='ocrx_word' id='word_1_100' title='bbox 198 1758 397 1832; x_wconf 82' lang='lat' dir='ltr'>praestantiae</span> <span class='ocrx_word' id='word_1_101' title='bbox 420 1759 517 1833; x_wconf 89' lang='lat' dir='ltr'>impar</span> <span class='ocrx_word' id='word_1_102' title='bbox 543 1757 699 1816; x_wconf 87' lang='lat' dir='ltr'>attulerint</span> <span class='ocrx_word' id='word_1_103' title='bbox 721 1776 838 1833; x_wconf 91' lang='lat' dir='ltr'>omnes,</span> <span class='ocrx_word' id='word_1_104' title='bbox 864 1759 962 1818; x_wconf 91' lang='lat' dir='ltr'>vereri</span> <span class='ocrx_word' id='word_1_105' title='bbox 992 1777 1079 1818; x_wconf 91' lang='lat' dir='ltr'>nemo</span> <span class='ocrx_word' id='word_1_106' title='bbox 1101 1760 1166 1818; x_wconf 89' lang='lat' dir='ltr'>iure</span> 
     </span>
     <span class='ocr_line' id='line_1_15' title="bbox 122 1863 1166 1940; baseline 0.004 -20"><span class='ocrx_word' id='word_1_107' title='bbox 122 1867 229 1938; x_wconf 88' lang='lat' dir='ltr'>potest.</span> <span class='ocrx_word' id='word_1_108' title='bbox 276 1865 320 1921; x_wconf 92' lang='lat' dir='ltr'>Ac</span> <span class='ocrx_word' id='word_1_109' title='bbox 342 1881 380 1922; x_wconf 96' lang='lat' dir='ltr'>ne</span> <span class='ocrx_word' id='word_1_110' title='bbox 403 1863 552 1922; x_wconf 89' lang='lat' dir='ltr'>Hesiodus</span> <span class='ocrx_word' id='word_1_111' title='bbox 574 1864 708 1940; x_wconf 89' lang='lat' dir='ltr'>quidem,</span> <span class='ocrx_word' id='word_1_112' title='bbox 731 1881 820 1940; x_wconf 92' lang='lat' dir='ltr'>quem</span> <span class='ocrx_word' id='word_1_113' title='bbox 842 1868 942 1923; x_wconf 85' lang='lat' dir='ltr'>tamen</span> <span class='ocrx_word' id='word_1_114' title='bbox 957 1864 1060 1924; x_wconf 76' lang='lat' dir='ltr'>Oritici</span> <span class='ocrx_word' id='word_1_115' title='bbox 1082 1883 1166 1940; x_wconf 88' lang='lat' dir='ltr'>prae-</span> 
     </span>
     <span class='ocr_line' id='line_1_16' title="bbox 121 1967 1191 2050; baseline 0.003 -26"><span class='ocrx_word' id='word_1_116' title='bbox 121 1967 209 2043; x_wconf 89' lang='lat' dir='ltr'>cipuo</span> <span class='ocrx_word' id='word_1_117' title='bbox 239 1967 303 2025; x_wconf 93' lang='lat' dir='ltr'>loco</span> <span class='ocrx_word' id='word_1_118' title='bbox 336 1968 368 2025; x_wconf 90' lang='lat' dir='ltr'>in</span> <span class='ocrx_word' id='word_1_119' title='bbox 399 1985 558 2027; x_wconf 89' lang='lat' dir='ltr'>munerum</span> <span class='ocrx_word' id='word_1_120' title='bbox 587 1969 772 2042; x_wconf 83' lang='lat' dir='ltr'>retulenrnt,</span> <span class='ocrx_word' id='word_1_121' title='bbox 814 1968 977 2045; x_wconf 86' lang='lat' dir='ltr'>quidquam</span> <span class='ocrx_word' id='word_1_122' title='bbox 1010 1969 1048 2026; x_wconf 89' lang='lat' dir='ltr'>ad</span> <span class='ocrx_word' id='word_1_123' title='bbox 1080 1968 1191 2050; x_wconf 30' lang='lat' dir='ltr'>illum·</span> 
     </span>
     <span class='ocr_line' id='line_1_17' title="bbox 121 2058 1167 2153; baseline 0.002 -23"><span class='ocrx_word' id='word_1_124' title='bbox 121 2072 244 2130; x_wconf 91' lang='lat' dir='ltr'>modum</span> <span class='ocrx_word' id='word_1_125' title='bbox 275 2073 420 2131; x_wconf 88' lang='lat' dir='ltr'>cecinisse</span> <span class='ocrx_word' id='word_1_126' title='bbox 450 2073 601 2149; x_wconf 90' lang='lat' dir='ltr'>putandus</span> <span class='ocrx_word' id='word_1_127' title='bbox 628 2078 682 2136; x_wconf 87' lang='lat' dir='ltr'>est.</span> <span class='ocrx_word' id='word_1_128' title='bbox 727 2074 868 2148; x_wconf 79' lang='lat' dir='ltr'>Arguunt</span> <span class='ocrx_word' id='word_1_129' title='bbox 896 2074 952 2132; x_wconf 91' lang='grc'>1100</span> <span class='ocrx_word' id='word_1_130' title='bbox 965 2058 1081 2153; x_wconf 78' lang='grc' dir='ltr'><em>Ἔργα,</em></span> <span class='ocrx_word' id='word_1_131' title='bbox 1110 2092 1167 2132; x_wconf 92' lang='lat' dir='ltr'>nec</span> 
     </span>
     <span class='ocr_line' id='line_1_18' title="bbox 121 2171 1226 2256; baseline 0.002 -22"><span class='ocrx_word' id='word_1_132' title='bbox 121 2195 191 2235; x_wconf 89' lang='lat' dir='ltr'>oum</span> <span class='ocrx_word' id='word_1_133' title='bbox 211 2176 439 2251; x_wconf 83' lang='lat' dir='ltr'>Alexandrinis,</span> <span class='ocrx_word' id='word_1_134' title='bbox 462 2175 520 2237; x_wconf 71' lang='lat' dir='ltr'>neo&#39;</span> <span class='ocrx_word' id='word_1_135' title='bbox 540 2196 609 2236; x_wconf 92' lang='lat' dir='ltr'>cum</span> <span class='ocrx_word' id='word_1_136' title='bbox 629 2177 767 2237; x_wconf 89' lang='lat' dir='ltr'>Lucretio</span> <span class='ocrx_word' id='word_1_137' title='bbox 793 2171 797 2256; x_wconf 72' lang='grc'>1</span> <span class='ocrx_word' id='word_1_138' title='bbox 822 2181 874 2236; x_wconf 87' lang='grc'>001</span> <span class='ocrx_word' id='word_1_139' title='bbox 893 2177 1021 2253; x_wconf 86' lang='lat' dir='ltr'>Virgilio</span> <span class='ocrx_word' id='word_1_140' title='bbox 1047 2196 1164 2254; x_wconf 89' lang='lat' dir='ltr'>compa·</span> <span class='ocrx_word' id='word_1_141' title='bbox 1175 2173 1226 2226; x_wconf 84' lang='lat'>128</span> 
     </span>
     <span class='ocr_line' id='line_1_19' title="bbox 122 2281 1167 2360; baseline 0.002 -20"><span class='ocrx_word' id='word_1_142' title='bbox 122 2281 250 2340; x_wconf 90' lang='lat' dir='ltr'>randum</span> <span class='ocrx_word' id='word_1_143' title='bbox 274 2299 365 2357; x_wconf 92' lang='lat' dir='ltr'>opus,</span> <span class='ocrx_word' id='word_1_144' title='bbox 397 2300 494 2359; x_wconf 90' lang='lat' dir='ltr'>neque</span> <span class='ocrx_word' id='word_1_145' title='bbox 526 2282 619 2341; x_wconf 91' lang='lat' dir='ltr'>multo</span> <span class='ocrx_word' id='word_1_146' title='bbox 649 2282 813 2342; x_wconf 89' lang='lat' dir='ltr'>absolutius</span> <span class='ocrx_word' id='word_1_147' title='bbox 843 2301 932 2360; x_wconf 89' lang='lat' dir='ltr'>quam</span> <span class='ocrx_word' id='word_1_148' title='bbox 958 2281 1167 2358; x_wconf 80' lang='lat' dir='ltr'>Theognideae</span> 
     </span>
     <span class='ocr_line' id='line_1_20' title="bbox 121 2371 1168 2464; baseline -0.002 -18"><span class='ocrx_word' id='word_1_149' title='bbox 121 2387 289 2446; x_wconf 89' lang='lat' dir='ltr'>sententiae</span> <span class='ocrx_word' id='word_1_150' title='bbox 302 2380 358 2464; x_wconf 67' lang='lat'>⁹⁵),</span> <span class='ocrx_word' id='word_1_151' title='bbox 389 2392 519 2463; x_wconf 88' lang='lat' dir='ltr'>arguunt</span> <span class='ocrx_word' id='word_1_152' title='bbox 540 2387 610 2462; x_wconf 90' lang='lat' dir='ltr'>alia,</span> <span class='ocrx_word' id='word_1_153' title='bbox 640 2387 736 2447; x_wconf 91' lang='lat' dir='ltr'>eidem</span> <span class='ocrx_word' id='word_1_154' title='bbox 768 2388 839 2446; x_wconf 91' lang='lat' dir='ltr'>olim</span> <span class='ocrx_word' id='word_1_155' title='bbox 864 2371 953 2447; x_wconf 90' lang='lat' dir='ltr'>dubio</span> <span class='ocrx_word' id='word_1_156' title='bbox 975 2406 1093 2447; x_wconf 90' lang='lat' dir='ltr'>rumore</span> <span class='ocrx_word' id='word_1_157' title='bbox 1114 2388 1168 2446; x_wconf 88' lang='lat' dir='ltr'>tri-</span> 
     </span>
     <span class='ocr_line' id='line_1_21' title="bbox 119 2491 1167 2571; baseline 0.005 -24"><span class='ocrx_word' id='word_1_158' title='bbox 119 2493 200 2552; x_wconf 90' lang='lat' dir='ltr'>buta.</span> <span class='ocrx_word' id='word_1_159' title='bbox 235 2491 371 2569; x_wconf 89' lang='lat' dir='ltr'>Denique</span> <span class='ocrx_word' id='word_1_160' title='bbox 386 2493 476 2552; x_wconf 87' lang='lat' dir='ltr'>etiam</span> <span class='ocrx_word' id='word_1_161' title='bbox 492 2499 709 2570; x_wconf 87' lang='lat' dir='ltr'>postremorum</span> <span class='ocrx_word' id='word_1_162' title='bbox 723 2500 892 2570; x_wconf 90' lang='lat' dir='ltr'>temporum</span> <span class='ocrx_word' id='word_1_163' title='bbox 905 2498 1010 2570; x_wconf 73' lang='lat' dir='ltr'>poetae</span> <span class='ocrx_word' id='word_1_164' title='bbox 1027 2493 1167 2571; x_wconf 89' lang='lat' dir='ltr'>quodam-</span> 
     </span>
     <span class='ocr_line' id='line_1_22' title="bbox 119 2597 1166 2672; baseline 0.002 -17"><span class='ocrx_word' id='word_1_165' title='bbox 119 2597 210 2655; x_wconf 91' lang='lat' dir='ltr'>modo</span> <span class='ocrx_word' id='word_1_166' title='bbox 233 2597 408 2672; x_wconf 91' lang='lat' dir='ltr'>ostendunt,</span> <span class='ocrx_word' id='word_1_167' title='bbox 431 2615 464 2656; x_wconf 92' lang='lat' dir='ltr'>se</span> <span class='ocrx_word' id='word_1_168' title='bbox 477 2598 524 2656; x_wconf 86' lang='lat' dir='ltr'>&#39;de</span> <span class='ocrx_word' id='word_1_169' title='bbox 548 2599 706 2657; x_wconf 89' lang='lat' dir='ltr'>artificioso</span> <span class='ocrx_word' id='word_1_170' title='bbox 728 2604 869 2658; x_wconf 86' lang='lat' dir='ltr'>contextu</span> <span class='ocrx_word' id='word_1_171' title='bbox 892 2599 1002 2658; x_wconf 89' lang='lat' dir='ltr'>Iliados</span> <span class='ocrx_word' id='word_1_172' title='bbox 1024 2617 1042 2656; x_wconf 91' lang='lat' dir='ltr'>a</span> <span class='ocrx_word' id='word_1_173' title='bbox 1064 2598 1166 2659; x_wconf 81' lang='lat' dir='ltr'>Gram-</span> 
     </span>
     <span class='ocr_line' id='line_1_23' title="bbox 119 2702 1167 2780; baseline 0.003 -21"><span class='ocrx_word' id='word_1_174' title='bbox 119 2702 242 2760; x_wconf 87' lang='lat' dir='ltr'>maticis</span> <span class='ocrx_word' id='word_1_175' title='bbox 273 2720 334 2760; x_wconf 91' lang='lat' dir='ltr'>non</span> <span class='ocrx_word' id='word_1_176' title='bbox 368 2702 555 2761; x_wconf 85' lang='lat' dir='ltr'>dissensisse.</span> <span class='ocrx_word' id='word_1_177' title='bbox 602 2702 697 2776; x_wconf 82' lang='lat' dir='ltr'>Quam</span> <span class='ocrx_word' id='word_1_178' title='bbox 731 2703 833 2780; x_wconf 87' lang='lat' dir='ltr'>inepto</span> <span class='ocrx_word' id='word_1_179' title='bbox 865 2704 946 2762; x_wconf 90' lang='lat' dir='ltr'>enim</span> <span class='ocrx_word' id='word_1_180' title='bbox 977 2703 1101 2762; x_wconf 89' lang='lat' dir='ltr'>oonsilio</span> <span class='ocrx_word' id='word_1_181' title='bbox 1131 2703 1167 2778; x_wconf 89' lang='lat' dir='ltr'>is,</span> 
     </span>
     <span class='ocr_line' id='line_1_24' title="bbox 119 2805 1167 2886; baseline 0 -20"><span class='ocrx_word' id='word_1_182' title='bbox 119 2825 214 2884; x_wconf 93' lang='lat' dir='ltr'>quem</span> <span class='ocrx_word' id='word_1_183' title='bbox 248 2806 339 2882; x_wconf 87' lang='lat' dir='ltr'>vulgo</span> <span class='ocrx_word' id='word_1_184' title='bbox 370 2805 515 2881; x_wconf 83' lang='lat' dir='ltr'>Quintum</span> <span class='ocrx_word' id='word_1_185' title='bbox 549 2807 705 2867; x_wconf 79' lang='lat' dir='ltr'>Calabrum</span> <span class='ocrx_word' id='word_1_186' title='bbox 739 2814 860 2882; x_wconf 83' lang='lat' dir='ltr'>vocant,</span> <span class='ocrx_word' id='word_1_187' title='bbox 893 2809 1067 2886; x_wconf 89' lang='lat' dir='ltr'>rhapsodias</span> <span class='ocrx_word' id='word_1_188' title='bbox 1098 2825 1167 2867; x_wconf 90' lang='lat' dir='ltr'>suas</span> 
     </span>
     <span class='ocr_line' id='line_1_25' title="bbox 119 2911 1165 2990; baseline 0.002 -21"><span class='ocrx_word' id='word_1_189' title='bbox 119 2911 207 2970; x_wconf 88' lang='lat' dir='ltr'>velut</span> <span class='ocrx_word' id='word_1_190' title='bbox 237 2911 383 2970; x_wconf 88' lang='lat' dir='ltr'>maturius</span> <span class='ocrx_word' id='word_1_191' title='bbox 415 2914 557 2990; x_wconf 89' lang='lat' dir='ltr'>abruptae</span> <span class='ocrx_word' id='word_1_192' title='bbox 588 2913 676 2971; x_wconf 79' lang='lat' dir='ltr'>iliadi</span> <span class='ocrx_word' id='word_1_193' title='bbox 707 2912 951 2988; x_wconf 89' lang='lat' dir='ltr'>supplementum</span> <span class='ocrx_word' id='word_1_194' title='bbox 980 2913 1165 2988; x_wconf 89' lang='lat' dir='ltr'>attexuisset,</span> 
     </span>
    </p>
   </div>
   <div class='ocr_carea' id='block_1_3' title="bbox 117 3072 1169 3858">
    <p class='ocr_par' dir='ltr' id='par_1_4' title="bbox 117 3072 1169 3858">
     <span class='ocr_line' id='line_1_26' title="bbox 210 3072 1168 3142; baseline 0.002 -16"><span class='ocrx_word' id='word_1_195' title='bbox 210 3073 256 3138; x_wconf 82' lang='lat'>95)</span> <span class='ocrx_word' id='word_1_196' title='bbox 274 3072 401 3141; x_wconf 85' lang='lat' dir='ltr'>Legitimi</span> <span class='ocrx_word' id='word_1_197' title='bbox 419 3072 551 3126; x_wconf 79' lang='lat' dir='ltr'>Carminis</span> <span class='ocrx_word' id='word_1_198' title='bbox 576 3073 747 3141; x_wconf 89' lang='lat' dir='ltr'>didascalici,</span> <span class='ocrx_word' id='word_1_199' title='bbox 773 3074 801 3126; x_wconf 89' lang='lat' dir='ltr'>id</span> <span class='ocrx_word' id='word_1_200' title='bbox 825 3076 866 3128; x_wconf 90' lang='lat' dir='ltr'>cst</span> <span class='ocrx_word' id='word_1_201' title='bbox 884 3075 958 3142; x_wconf 88' lang='lat' dir='ltr'>eius,</span> <span class='ocrx_word' id='word_1_202' title='bbox 985 3074 1014 3127; x_wconf 89' lang='lat' dir='ltr'>in</span> <span class='ocrx_word' id='word_1_203' title='bbox 1038 3091 1090 3142; x_wconf 92' lang='lat' dir='ltr'>quo</span> <span class='ocrx_word' id='word_1_204' title='bbox 1113 3091 1168 3128; x_wconf 91' lang='lat' dir='ltr'>una</span> 
     </span>
     <span class='ocr_line' id='line_1_27' title="bbox 117 3161 1168 3230; baseline 0.002 -16"><span class='ocrx_word' id='word_1_205' title='bbox 117 3177 164 3214; x_wconf 90' lang='lat' dir='ltr'>ars</span> <span class='ocrx_word' id='word_1_206' title='bbox 183 3161 244 3214; x_wconf 86' lang='lat' dir='ltr'>sive</span> <span class='ocrx_word' id='word_1_207' title='bbox 264 3161 384 3214; x_wconf 90' lang='lat' dir='ltr'>doctrina</span> <span class='ocrx_word' id='word_1_208' title='bbox 403 3161 462 3214; x_wconf 89' lang='lat' dir='ltr'>sive</span> <span class='ocrx_word' id='word_1_209' title='bbox 481 3161 589 3229; x_wconf 89' lang='lat' dir='ltr'>aliquod</span> <span class='ocrx_word' id='word_1_210' title='bbox 604 3163 792 3230; x_wconf 87' lang='lat' dir='ltr'>argumentum</span> <span class='ocrx_word' id='word_1_211' title='bbox 805 3178 890 3214; x_wconf 89' lang='lat' dir='ltr'>unum</span> <span class='ocrx_word' id='word_1_212' title='bbox 903 3161 1051 3216; x_wconf 85' lang='lat' dir='ltr'>continenti</span> <span class='ocrx_word' id='word_1_213' title='bbox 1069 3165 1168 3216; x_wconf 86' lang='lat' dir='ltr'>tracta-</span> 
     </span>
     <span class='ocr_line' id='line_1_28' title="bbox 117 3248 1167 3318; baseline 0.001 -17"><span class='ocrx_word' id='word_1_214' title='bbox 117 3250 195 3303; x_wconf 86' lang='lat' dir='ltr'>tione</span> <span class='ocrx_word' id='word_1_215' title='bbox 214 3249 333 3317; x_wconf 88' lang='lat' dir='ltr'>partium</span> <span class='ocrx_word' id='word_1_216' title='bbox 351 3248 513 3318; x_wconf 88' lang='lat' dir='ltr'>absolvitur,</span> <span class='ocrx_word' id='word_1_217' title='bbox 532 3250 619 3317; x_wconf 89' lang='lat' dir='ltr'>prima</span> <span class='ocrx_word' id='word_1_218' title='bbox 637 3249 786 3318; x_wconf 88' lang='lat' dir='ltr'>specimina</span> <span class='ocrx_word' id='word_1_219' title='bbox 806 3250 954 3318; x_wconf 86' lang='lat' dir='ltr'>reperimus</span> <span class='ocrx_word' id='word_1_220' title='bbox 974 3250 1004 3302; x_wconf 90' lang='lat' dir='ltr'>in</span> <span class='ocrx_word' id='word_1_221' title='bbox 1022 3250 1167 3318; x_wconf 87' lang='lat' dir='ltr'>Xenopha-</span> 
     </span>
     <span class='ocr_line' id='line_1_29' title="bbox 117 3334 1168 3406; baseline 0 -17"><span class='ocrx_word' id='word_1_222' title='bbox 117 3336 178 3400; x_wconf 91' lang='lat' dir='ltr'>nis,</span> <span class='ocrx_word' id='word_1_223' title='bbox 207 3334 391 3403; x_wconf 85' lang='lat' dir='ltr'>Parmenidis,</span> <span class='ocrx_word' id='word_1_224' title='bbox 419 3336 590 3404; x_wconf 81' lang='lat' dir='ltr'>Empedoclis</span> <span class='ocrx_word' id='word_1_225' title='bbox 615 3354 673 3406; x_wconf 91' lang='lat' dir='ltr'>cpp.</span> <span class='ocrx_word' id='word_1_226' title='bbox 694 3339 758 3405; x_wconf 83' lang='grc' dir='ltr'><strong><em>περὶ</em></strong></span> <span class='ocrx_word' id='word_1_227' title='bbox 777 3337 896 3405; x_wconf 81' lang='grc' dir='ltr'><em>φύσεως,</em></span> <span class='ocrx_word' id='word_1_228' title='bbox 925 3353 1038 3406; x_wconf 89' lang='lat' dir='ltr'>quorum</span> <span class='ocrx_word' id='word_1_229' title='bbox 1064 3337 1168 3390; x_wconf 88' lang='lat' dir='ltr'>utinam</span> 
     </span>
     <span class='ocr_line' id='line_1_30' title="bbox 117 3423 1168 3493; baseline 0.002 -17"><span class='ocrx_word' id='word_1_230' title='bbox 117 3424 272 3492; x_wconf 87' lang='lat' dir='ltr'>fragmenta</span> <span class='ocrx_word' id='word_1_231' title='bbox 290 3423 383 3492; x_wconf 88' lang='lat' dir='ltr'>edant,</span> <span class='ocrx_word' id='word_1_232' title='bbox 410 3424 457 3493; x_wconf 88' lang='lat' dir='ltr'>qui</span> <span class='ocrx_word' id='word_1_233' title='bbox 480 3423 594 3478; x_wconf 87' lang='lat' dir='ltr'>collecta</span> <span class='ocrx_word' id='word_1_234' title='bbox 611 3427 727 3479; x_wconf 89' lang='lat' dir='ltr'>servant.</span> <span class='ocrx_word' id='word_1_235' title='bbox 763 3423 828 3478; x_wconf 86' lang='lat' dir='ltr'>Mox</span> <span class='ocrx_word' id='word_1_236' title='bbox 851 3425 1005 3493; x_wconf 88' lang='lat' dir='ltr'>neglectum</span> <span class='ocrx_word' id='word_1_237' title='bbox 1031 3425 1059 3478; x_wconf 91' lang='lat' dir='ltr'>id</span> <span class='ocrx_word' id='word_1_238' title='bbox 1084 3441 1168 3493; x_wconf 88' lang='lat' dir='ltr'>genus</span> 
     </span>
     <span class='ocr_line' id='line_1_31' title="bbox 118 3511 1169 3579; baseline 0.003 -16"><span class='ocrx_word' id='word_1_239' title='bbox 118 3511 154 3564; x_wconf 92' lang='lat' dir='ltr'>ab</span> <span class='ocrx_word' id='word_1_240' title='bbox 180 3511 295 3579; x_wconf 89' lang='lat' dir='ltr'>Atticis,</span> <span class='ocrx_word' id='word_1_241' title='bbox 324 3512 371 3578; x_wconf 91' lang='lat' dir='ltr'>qui</span> <span class='ocrx_word' id='word_1_242' title='bbox 398 3527 491 3579; x_wconf 87' lang='lat' dir='ltr'>prosae</span> <span class='ocrx_word' id='word_1_243' title='bbox 519 3512 553 3566; x_wconf 90' lang='lat' dir='ltr'>ad</span> <span class='ocrx_word' id='word_1_244' title='bbox 577 3513 759 3566; x_wconf 86' lang='lat' dir='ltr'>doctrinarum</span> <span class='ocrx_word' id='word_1_245' title='bbox 783 3528 863 3566; x_wconf 88' lang='lat' dir='ltr'>nsum</span> <span class='ocrx_word' id='word_1_246' title='bbox 888 3512 1049 3565; x_wconf 83' lang='lat' dir='ltr'>excolendae</span> <span class='ocrx_word' id='word_1_247' title='bbox 1073 3511 1169 3566; x_wconf 89' lang='lat' dir='ltr'>utilius</span> 
     </span>
     <span class='ocr_line' id='line_1_32' title="bbox 118 3597 1169 3667; baseline 0.004 -19"><span class='ocrx_word' id='word_1_248' title='bbox 118 3597 280 3665; x_wconf 90' lang='lat' dir='ltr'>studebant,</span> <span class='ocrx_word' id='word_1_249' title='bbox 308 3599 479 3665; x_wconf 84' lang='lat' dir='ltr'>perfecerunt</span> <span class='ocrx_word' id='word_1_250' title='bbox 497 3598 688 3667; x_wconf 80' lang='lat' dir='ltr'>Alexandrini,</span> <span class='ocrx_word' id='word_1_251' title='bbox 715 3617 732 3653; x_wconf 91' lang='lat' dir='ltr'>a</span> <span class='ocrx_word' id='word_1_252' title='bbox 755 3599 853 3667; x_wconf 89' lang='lat' dir='ltr'>quibus</span> <span class='ocrx_word' id='word_1_253' title='bbox 875 3598 951 3652; x_wconf 90' lang='lat' dir='ltr'>venit</span> <span class='ocrx_word' id='word_1_254' title='bbox 974 3600 1007 3652; x_wconf 92' lang='lat' dir='ltr'>ad</span> <span class='ocrx_word' id='word_1_255' title='bbox 1026 3598 1169 3666; x_wconf 87' lang='lat' dir='ltr'>Romanos,</span> 
     </span>
     <span class='ocr_line' id='line_1_33' title="bbox 119 3685 1169 3756; baseline 0.002 -20"><span class='ocrx_word' id='word_1_256' title='bbox 119 3687 148 3736; x_wconf 94' lang='lat' dir='ltr'>et</span> <span class='ocrx_word' id='word_1_257' title='bbox 165 3685 201 3739; x_wconf 86' lang='lat' dir='ltr'>ab</span> <span class='ocrx_word' id='word_1_258' title='bbox 219 3686 319 3738; x_wconf 88' lang='lat' dir='ltr'>horum</span> <span class='ocrx_word' id='word_1_259' title='bbox 338 3685 446 3754; x_wconf 87' lang='lat' dir='ltr'>ingenio</span> <span class='ocrx_word' id='word_1_260' title='bbox 465 3702 536 3740; x_wconf 85' lang='lat' dir='ltr'>nova</span> <span class='ocrx_word' id='word_1_261' title='bbox 555 3690 712 3741; x_wconf 88' lang='lat' dir='ltr'>ornamenta</span> <span class='ocrx_word' id='word_1_262' title='bbox 728 3688 839 3756; x_wconf 89' lang='lat' dir='ltr'>accepit.</span> <span class='ocrx_word' id='word_1_263' title='bbox 876 3687 949 3739; x_wconf 91' lang='lat' dir='ltr'>Huic</span> <span class='ocrx_word' id='word_1_264' title='bbox 968 3687 1060 3755; x_wconf 88' lang='lat' dir='ltr'>generi</span> <span class='ocrx_word' id='word_1_265' title='bbox 1077 3687 1169 3754; x_wconf 90' lang='lat' dir='ltr'>prolu-</span> 
     </span>
     <span class='ocr_line' id='line_1_34' title="bbox 120 3774 1015 3858; baseline 0.003 -34"><span class='ocrx_word' id='word_1_266' title='bbox 120 3788 184 3824; x_wconf 90' lang='lat' dir='ltr'>sum</span> <span class='ocrx_word' id='word_1_267' title='bbox 202 3776 256 3840; x_wconf 90' lang='lat' dir='ltr'>est,</span> <span class='ocrx_word' id='word_1_268' title='bbox 276 3790 329 3827; x_wconf 91' lang='lat' dir='ltr'>non</span> <span class='ocrx_word' id='word_1_269' title='bbox 348 3774 502 3841; x_wconf 87' lang='lat' dir='ltr'>exemplum</span> <span class='ocrx_word' id='word_1_270' title='bbox 521 3775 615 3828; x_wconf 87' lang='lat' dir='ltr'>datum</span> <span class='ocrx_word' id='word_1_271' title='bbox 633 3774 667 3828; x_wconf 91' lang='lat' dir='ltr'>ab</span> <span class='ocrx_word' id='word_1_272' title='bbox 685 3775 804 3828; x_wconf 89' lang='lat' dir='ltr'>Hesiodo</span> <span class='ocrx_word' id='word_1_273' title='bbox 823 3777 850 3827; x_wconf 90' lang='lat' dir='ltr'>et</span> <span class='ocrx_word' id='word_1_274' title='bbox 861 3774 1015 3858; x_wconf 69' lang='grc' dir='ltr'>Ι(1110101010Ι</span> 
     </span>
    </p>
   </div>
   <div class='ocr_carea' id='block_1_4' title="bbox 167 3872 993 3928">
    <p class='ocr_par' dir='ltr' id='par_1_5' title="bbox 167 3872 993 3928">
     <span class='ocr_line' id='line_1_35' title="bbox 167 3872 993 3928; baseline 0.005 -10"><span class='ocrx_word' id='word_1_275' title='bbox 167 3876 271 3918; x_wconf 84' lang='lat' dir='ltr'>Wolfii</span> <span class='ocrx_word' id='word_1_276' title='bbox 289 3877 454 3928; x_wconf 76' lang='lat' dir='ltr'>Ptolegomena.</span> <span class='ocrx_word' id='word_1_277' title='bbox 482 3878 559 3920; x_wconf 85' lang='lat' dir='ltr'>Editio</span> <span class='ocrx_word' id='word_1_278' title='bbox 573 3878 612 3920; x_wconf 88' lang='lat' dir='ltr'>III.</span> <span class='ocrx_word' id='word_1_279' title='bbox 976 3872 993 3927; x_wconf 77' lang='grc'>7</span> 
     </span>
    </p>
   </div>
   <div class='ocr_carea' id='block_1_5' title="bbox 0 0 1494 4576">
    <p class='ocr_par' dir='ltr' id='par_1_6' title="bbox 0 0 1494 4576">
     <span class='ocr_line' id='line_1_36' title="bbox 0 0 1494 4576; baseline 0 0"><span class='ocrx_word' id='word_1_280' title='bbox 0 0 1494 4576; x_wconf 95' lang='lat' dir='ltr'> </span> 
     </span>
    </p>
   </div>
  </div>
 </body>
</html>
