2980 4576
1055 419 1372 426 ....-..-.-...-—.-—-.-.—

333 344 385 397 174
772 342 936 395 Prolegemena.

331 529 447 585 nostras
475 525 681 602 aequiparant,
711 527 754 584 ita
783 526 888 585 insunt
915 526 1005 584 etiam
1032 527 1066 585 in
1088 525 1162 600 illis,
1191 544 1267 603 quae
1289 526 1376 602 plane

331 635 484 706 praestent
494 626 528 711 1).
574 630 654 704 Quas
685 632 710 691 si
734 631 963 706 Aristophanem
993 631 1186 691 coniectando
1219 632 1376 706 indagasse

331 754 385 812 pro
414 736 551 796 absurdis
584 740 616 796 et
643 736 728 796 falsis
759 735 908 812 prioribus
937 741 1091 812 putemus,
1125 737 1205 795 haud
1234 737 1312 796 male
1341 737 1378 796 de

331 841 452 918 ingenio
481 841 547 902 eius
580 842 682 901 critico
712 841 948 902 existimandum
976 843 1041 901 erit.
1095 840 1271 919 Quanquam
1300 841 1377 900 ultro

331 947 438 1022 fateor,
468 966 517 1006 me
539 965 579 1007 ne
602 949 636 1007 in
657 948 705 1008 his
727 948 864 1025 quidem,
894 965 970 1024 quae
993 947 1093 1024 paullo
1115 947 1226 1007 certius
1248 947 1286 1006 ad
1312 948 1378 1006 eius

330 1053 532 1113 coniecturam
559 1052 664 1112 referri
689 1057 828 1129 possunt,
855 1053 1053 1112 robustiorem
1075 1052 1284 1112 coniecturalis
1306 1053 1378 1112 artis

330 1157 488 1216 infantiam
522 1176 611 1235 quam
648 1157 681 1216 in
716 1157 866 1216 Zenodoto
904 1156 1074 1232 intelligere
1084 1151 1120 1238 ²).
1180 1155 1245 1231 Quo
1281 1157 1379 1232 magis

329 1409 420 1478 potius
444 1426 493 1478 per
515 1408 657 1463 libidinem
681 1411 708 1462 et
733 1425 873 1477 operosam
897 1408 1082 1478 sedulitatem,
1113 1426 1194 1478 quarn
1220 1408 1378 1464 melioribus

330 1495 409 1550 libris
428 1495 569 1550 consultis.

419 1600 444 1667 l)
463 1599 540 1654 Tales
559 1615 618 1654 esse
637 1599 703 1653 duxi
721 1599 866 1669 recepique
883 1600 914 1652 in
931 1599 1028 1668 primis
1046 1600 1095 1654 has
1115 1601 1195 1667 duas,
1214 1601 1312 1670 μα’χην
1332 1618 1379 1670 pro

328 1687 422 1756 μάχης
448 1702 472 1737 ο.
490 1686 564 1755 459.,
588 1681 693 1740 Ὅσσον
720 1682 744 1738 (5⁹
770 1687 924 1756 ἐννεάχιλοι
948 1703 996 1755 pro
1022 1685 1063 1740 ὅσ.
1082 1687 1106 1738 τ’
1132 1688 1237 1756 ἔννεάχ.
1270 1691 1289 1748 ξ.
1311 1687 1378 1755 l48.,

329 1773 504 1843 tertiamque,
527 1774 557 1826 ni
580 1773 670 1841 fallor,
694 1773 840 1842 avulgata
863 1790 916 1828 non
940 1772 1047 1844 longius
1072 1773 1273 1842 abhorrentem,
1300 1775 1379 1828 cuius

330 1875 402 1912 nunc
420 1876 473 1914 non
491 1860 612 1914 memini.
644 1862 684 1914 Ac
702 1860 816 1914 forsitan
833 1861 954 1929 recipere
974 1860 1129 1915 debuissem
1148 1860 1267 1929 aliquam
1287 1861 1378 1928 exiis,

329 1962 396 2015 quas
424 1945 523 2000 Scholl.
551 1947 665 2015 probant
690 1946 814 2001 formulis
844 1947 914 2015 suis,
945 1948 993 1999 οὐκ
1019 1947 1185 2016 ἀχαρίστως,
1216 1949 1244 2001 et
1269 1948 1379 2016 μήποτε

330 2035 453 2101 ἄμεινον,
473 2035 510 2101 (h.
530 2050 553 2087 e.
572 2032 668 2086 melius
686 2035 818 2100 fortasse,
844 2032 936 2085 baud
954 2033 1024 2087 scio
1043 2050 1088 2086 ανι
1104 2033 1200 2086 melius
1220 2034 1331 2102 fuerit)
1349 2037 1379 2088 ut
1468 2029 1469 2036 ἶ

329 2139 352 2174 ν.
371 2121 431 2175 502.
451 2121 578 2191 πρόσθεν
596 2139 622 2190 p.
642 2128 750 2190 πρῶτος
768 2122 819 2174 etc.
838 2122 886 2175 aut
903 2121 985 2175 hasce
1003 2137 1057 2175 non
1075 2121 1241 2206 inelegantes
1260 2123 1348 2191 script
1367 2153 1378 2162 -

328 2223 384 2276 raa,
411 2207 476 2260 obet
497 2207 551 2277 μὲν
573 2207 662 2280 ἰδρείῃ
686 2225 711 2276 p.
737 2207 804 2260 οὐδέ
826 2206 849 2258 τ’
875 2207 983 2279 ἄϊδρείη
1008 2228 1032 2274 η.
1054 2207 1112 2261 198.
1136 2207 1217 2276 [οὐδέ
1239 2228 1266 2259 τι
1290 2209 1378 2280 ἰδρείῃ
1438 2232 1439 2237 ’

328 2293 528 2362 Aristarchus],
553 2295 617 2354 τούς
642 2293 685 2362 [ut
708 2311 780 2347 nunc
804 2294 934 2348 exhibent
952 2293 1079 2362 editores]
1098 2312 1123 2363 p.
1144 2294 1178 2360 δή
1195 2314 1225 2364 μ.
1245 2295 1288 2349 68.
1309 2295 1378 2366 [67],
1468 2327 1470 2370 5

329 2381 410 2450 ἵππῳ
430 2381 473 2448 [ut
490 2398 531 2450 ap.
550 2381 645 2450 Belin]
665 2399 691 2450 p.
706 2382 803 2433 ἳππων
820 2380 845 2432 d.
862 2381 921 2442 142,
951 2381 1022 2436 Nam
1040 2381 1206 2436 Scholiastae
1220 2398 1274 2436 non
1287 2384 1375 2450 credo,
1468 2375 1469 2426 Ῑ

328 2469 538 2537 Aristophanem
557 2469 597 2522 ibi
616 2470 696 2521 ἵππω
714 2467 814 2538 legisse
828 2469 951 2522 dualiter.
984 2467 1036 2523 Sed
1054 2469 1099 2522 his
1116 2469 1146 2524 in
1163 2469 1231 2523 locis
1249 2470 1375 2540 vulgatae

329 2556 437 2610 delendi
455 2556 523 2610 bene
537 2557 672 2624 poterunt.

416 2659 444 2726 2)
462 2659 599 2714 Videlicet
617 2660 669 2714 hoc
688 2676 770 2714 sensu
788 2660 903 2730 diligens
922 2659 1048 2730 cogitatio
1062 2660 1162 2713 imbuit
1175 2664 1375 2729 comparantem

329 2747 420 2802 omnia
437 2747 488 2800 sub
506 2764 560 2802 uno
579 2747 716 2816 adspectu.
752 2747 784 2802 In
802 2748 918 2818 singulis
938 2747 1024 2817 enim,
1043 2750 1074 2800 ut
1092 2764 1172 2817 saepe
1191 2747 1261 2816 dixi,
1280 2765 1375 2817 parum

329 2835 445 2901 certum,
471 2834 536 2904 quid
563 2834 678 2903 quisque
706 2834 852 2889 coniecerit
878 2835 990 2903 primus.
1035 2833 1137 2900 Quodsi
1166 2835 1337 2890 coniecturae
1360 2853 1376 2890 a

328 2921 466 2977 veteribus
490 2921 653 2976 lectionibus
677 2921 799 2992 dignosci
821 2922 933 2976 anobis
951 2922 1106 2976 coniectura
1123 2926 1246 2990 possent,
1273 2923 1374 2977 inillis

328 3009 501 3078 potissimum
527 3025 696 3064 numerarem
719 3011 782 3078 has,
809 3010 897 3079 γ.13.
922 3010 1073 3062 κονισάλου
1097 3005 1190 3078 ὤρνυτ’
1217 3011 1310 3076 ἀέλλη,
1341 3010 1375 3075 (si
1468 3027 1469 3064 l

328 3097 407 3152 modo
423 3097 462 3150 ita
474 3095 562 3152 Schol.
580 3096 681 3164 voluit,
701 3114 732 3151 ac
750 3113 804 3150 non
823 3096 930 3162 ἀελλής,
949 3096 990 3149 uti
1010 3097 1143 3164 scriptum
1163 3099 1211 3151 est.
1244 3097 1373 3151 Substan-

327 3185 417 3238 tivum
437 3185 528 3239 autem
545 3183 598 3238 isto
616 3185 695 3238 modo
714 3184 869 3238 scribebant
887 3183 965 3251 olim,
984 3200 1038 3238 non
1057 3184 1145 3235 ἄελλα.
1183 3183 1223 3238 cf,
1241 3184 1274 3239 V,
1292 3184 1322 3238 L,
1341 3183 1373 3237 ad
1468 3229 1470 3236 ,

328 3289 358 3323 π.
377 3271 447 3338 374.)
476 3274 495 3332 ζ.
509 3270 568 3324 148.
589 3271 774 3337 τηλεθόωντα,
794 3288 858 3326 mox
876 3270 943 3342 ὥρη,
963 3287 1029 3324 casu
1047 3270 1138 3338 tertio,
1158 3286 1220 3324 cum
1239 3271 1373 3325 similibus
1468 3243 1470 3306 l

327 3358 472 3413 nonnullis.
516 3357 624 3426 Qualia,
653 3359 700 3427 qui
725 3359 832 3413 acutius
858 3363 995 3426 movetur,
1023 3373 1103 3427 quam
1128 3357 1246 3426 plurima
1274 3349 1372 3413 chartis
1468 3431 1469 3436 ἵ

327 3446 424 3502 illudat
441 3445 538 3515 quavis
549 3445 622 3501 hora,
652 3445 824 3501 Postremum
841 3445 923 3509 illud,
944 3444 1011 3516 ὥρη,
1030 3445 1168 3514 receptum
1186 3448 1228 3499 est
1240 3446 1274 3500 ab
1287 3446 1371 3500 omni-

327 3534 391 3603 bus,
414 3533 566 3588 oblitterato
592 3532 743 3601 antiquiore
759 3533 940 3602 nominativo,
966 3548 1047 3602 quem
1070 3548 1143 3586 nunc
1168 3534 1278 3587 tandem
1296 3549 1370 3588 revo-

328 3621 401 3690 cavi,
428 3621 492 3690 quia
510 3637 544 3673 ex
565 3637 596 3674 eo
614 3621 689 3674 haud
707 3620 797 3689 paullo
816 3621 903 3690 aptior
927 3619 1061 3675 sententia
1080 3619 1247 3674 efficiebatur
1265 3623 1292 3675 et
1310 3638 1369 3675 con·

327 3707 440 3764 structio
459 3707 576 3764 Homero
599 3707 718 3777 propria,
742 3707 821 3778 ἔαρος
845 3702 868 3760 0⁹
889 3709 1065 3777 ἐπιγίγνεται
1090 3706 1155 3776 ὥρη,
1179 3722 1239 3760 cere
1263 3707 1368 3762 omenta

327 3795 363 3849 nt
389 3812 460 3850 nunc
488 3795 579 3864 ipsum
606 3795 686 3849 audio
715 3796 747 3849 de
779 3793 956 3863 Buttmanno,
983 3794 1144 3864 praestantis
1173 3795 1277 3864 ingenii
1304 3797 1368 3858 viro,
1468 3805 1470 3808 ·
