2980 4576
557 339 719 393 Prolegomana
1109 343 1160 398 133

121 517 158 577 Ut
184 527 445 597 repraesentarent
475 522 641 582 Homerum
668 523 727 584 fide
759 523 876 600 integra
905 529 937 584 et
966 541 1020 586 auo
1049 524 1160 601 habitu,

118 622 289 684 laborabant
309 627 410 686 forsan
431 627 583 702 nonnulli,
612 632 757 704 quantum
779 631 931 706 poterant;
961 633 992 688 at
1013 629 1161 690 debebant

119 728 208 787 etiam
236 731 333 808 magis
357 732 506 807 laborare,
536 737 571 791 ut
597 749 746 810 nusquam
775 750 836 792 non
863 732 971 792 similis
1000 733 1047 794 sui
1068 752 1160 812 seque

17 819 18 828 ¹
119 831 228 909 dignus
251 841 421 912 appareret,
451 836 644 896 detrahendis
667 854 757 915 saepe
779 837 884 897 multis
906 838 1056 913 versibus,
1088 839 1161 899 alibi

94 944 96 950 '
118 937 254 998 addendo
275 939 385 1016 nitore,
407 942 459 1000 ubi
478 941 557 1001 nitor
571 941 674 1002 nullus
695 946 784 1002 11111.
830 941 1084 1016 Quemadmodum
1104 943 1160 1020 igi-

17 1027 18 1056 *
118 1045 165 1101 tur
186 1043 278 1104 hodie
300 1045 423 1122 elegans
452 1046 540 1106 homo
559 1051 591 1106 et
610 1047 799 1123 ingeniosus,
826 1047 881 1107 sed
900 1047 1049 1107 abnormis
1072 1047 1160 1107 Criti-

117 1163 185 1222 ous,
210 1149 244 1208 in
266 1149 365 1227 priseo
386 1152 502 1229 poetiao
527 1145 531 1234 Ι
555 1157 748 1212 monumento
770 1156 889 1213 nostrae
910 1153 1032 1228 linguae
1060 1141 1221 1212 versa-174

117 1257 212 1327 ratur,
234 1254 314 1332 quod
335 1255 468 1316 laaerum
488 1256 565 1316 forte
584 1257 763 1334 reperisset,
786 1262 817 1317 et
835 1276 853 1316 a
873 1257 977 1317 multis
999 1257 1160 1318 lectoribus

15 1369 18 1393 ¹
116 1357 149 1416 in
170 1358 308 1435 margine
329 1360 490 1437 variatum,
519 1360 562 1420 ita
588 1361 683 1422 ferme
713 1362 827 1440 primos
853 1362 922 1422 illos
953 1362 1161 1423 emendatores

116 1462 148 1520 in
169 1463 356 1540 oonigendis
378 1469 409 1524 et
431 1464 645 1526 oonoinnandis
666 1467 784 1526 vatibus
807 1466 870 1527 suis
892 1484 1014 1544 operam
1034 1483 1160 1528 navasse

116 1567 271 1628 contendo.
327 1569 410 1629 Adeo
443 1569 532 1647 longe
565 1569 725 1630 abfuerunt
757 1571 803 1632 illi
835 1571 872 1631 ab
900 1572 956 1631 1111
992 1571 1160 1648 severitate,

116 1690 192 1750 quae
215 1677 317 1749 cavet,
348 1692 388 1734 ne
420 1675 494 1753 quid
526 1675 608 1734 aliud
641 1693 731 1753 quam
762 1677 799 1736 ab
829 1677 896 1754 ipso
917 1681 1037 1737 auctore
1060 1677 1160 1755 operia

14 1801 15 1824 1
116 1777 263 1856 seriptum
284 1778 459 1839 induoatm:
491 1779 612 1841 tametsi
633 1798 673 1841 ne
695 1799 778 1841 nune
799 1780 923 1859 quidem
944 1780 1032 1840 illum
1054 1799 1160 1858 seopu-

114 1881 178 1942 lum
210 1883 285 1943 satis
316 1883 452 1962 fugiunt,
486 1883 539 1964 qui
571 1885 694 1963 ingenio
726 1886 836 1946 valent
893 1886 1030 1963 Denique
1063 1887 1160 1947 omnis

13 1973 17 1989 ³
114 1987 188 2048 haee
209 2005 260 2048 ars
280 1989 413 2066 profecta
434 1995 483 2051 eat
508 1991 608 2068 potius
639 1990 676 2050 ab
706 1991 882 2067 aesthetioo,
910 1991 990 2069 quod
1011 1995 1159 2052 nostrates

113 2098 238 2170 vocant,
260 2111 351 2171 quam
372 2095 475 2156 oritioo
497 2095 623 2171 iudicio,
652 2096 715 2170 rel,
747 2101 783 2155 ut
804 2096 846 2155 ita
868 2096 981 2171 dicam,
1003 2114 1021 2155 a
1042 2097 1160 2174 poetica

113 2197 215 2276 potius
246 2216 337 2275 quam
364 2199 556 2278 diplomatica
584 2201 651 2262 fide.
702 2201 825 2261 Praeter
850 2200 966 2278 reliqua
994 2201 1085 2261 huius
1113 2202 1158 2261 rei

113 2307 306 2379 argumenta,
334 2322 410 2381 quae
440 2323 480 2364 ex
509 2306 649 2366 universo
670 2305 772 2366 libello
794 2309 896 2365 nostro
922 2305 1009 2365 faoile
1031 2305 1069 2364 ad
1091 2323 1159 2382 per-

111 2408 223 2468 fectam
246 2407 451 2469 inductionem
473 2409 574 2486 colligi
602 2414 758 2487 potenmt‚
787 2409 854 2488 ipsa
875 2409 948 2469 illua
970 2408 1054 2469 duoit
1074 2410 1158 2485 ratio,

112 2531 204 2591 quam
234 2513 285 2573 vel
312 2515 440 2591 optimos
467 2513 737 2575 Alexandrinorum
764 2515 798 2574 in
828 2514 1014 2575 emendando
1039 2518 1158 2574 secutos

112 2635 180 2679 esse
203 2617 382 2679 videbimus.

550 2781 728 2847 XXXIX.

11 3003 13 3010 ,
198 2937 300 3014 Atque
323 2935 393 3010 hoe,
421 2934 568 3013 quidquid
590 2941 650 3012 111,
680 2935 770 3011 longe
788 2933 978 2994 manifestius
1001 2933 1158 2995 ostendere

11 3015 13 3106 1
109 3039 231 3116 1111111,
253 3040 316 3100 nisi
337 3041 505 3118 antiquiora
524 3038 577 3100 illa
598 3039 792 3101 meditamina
807 3039 927 3099 11111111
942 3057 1036 3116 prope
1059 3039 1158 3098 omnia

11 3181 13 3228 q
110 3144 301 3206 obsomasaet
321 3145 485 3222 insequens
504 3163 625 3221 aevum,
655 3145 846 3205 obscuratum
873 3143 982 3203 deinde
1005 3148 1037 3204 et
1057 3143 1158 3221 ipsum

11 3235 13 3266 '
109 3251 217 3311 multis
240 3251 345 3311 modis.
389 3252 531 3312 Attamen
552 3255 621 3310 ante
643 3249 827 3310 Zenodotum
846 3253 911 3310 ooto
930 3248 1065 3309 diversae
1085 3249 1157 3308 sori·

11 3369 13 3410 1
109 3359 219 3432 pturae
240 3355 393 3433 exempla,
421 3373 496 3433 quas
519 3353 626 3416 Graeci
654 3348 851 3435 διορθώσεις
872 3357 994 3428 vocant,
1024 3353 1158 3412 nomina·

109 3461 166 3520 tim
189 3461 229 3520 ad
250 3478 306 3520 nos
326 3462 441 3538 perlata
456 3465 534 3521 sunt.
578 3461 663 3520 Duae
680 3459 787 3519 harum
807 3452 1016 3537 διορθώσεων
1037 3458 1159 3517 nomina

110 3570 223 3643 gerrmt
264 3565 525 3627 celeberrimorum
561 3567 708 3641 virorum,
751 3563 937 3637 1111111111,
982 3561 1159 3641 Colophonii

110 3675 235 3749 poetae,
270 3676 301 3731 11
334 3672 519 3749 Aristotelis,
556 3671 643 3732 ouius
674 3669 831 3748 ingenium
866 3669 952 3728 ferax
986 3667 1159 3729 beatissima

109 3795 213 3838 rerum
235 3775 434 3838 maximarum
455 3777 541 3856 eopia
554 3778 673 3836 nullum
685 3774 892 3836 venustiorum
908 3773 1062 3834 Musarum
1082 3793 1158 3853 opus
