2980 4576
346 349 397 403 120
783 347 947 400 Prolegomena.

345 531 445 591 statim
467 533 505 590 ad
526 530 642 608 reliqua
670 530 884 606 praestantiora
906 529 1044 588 Carmina
1077 529 1213 606 supparis
1242 528 1307 587 aevi
1329 532 1385 586 tra-

284 640 334 694 157
344 637 477 712 duxisse.
524 637 588 710 Qua
609 636 641 695 in
663 623 700 694 re
721 629 868 715 equildem
888 636 989 694 minus
1015 635 1106 694 miror
1128 633 1281 694 silentium
1310 635 1385 692 anti-
1473 613 1474 668 Ῐ

344 741 474 818 quitatis.
526 741 603 800 Nam
637 740 732 800 semel
764 740 914 816 proposito
949 739 1087 817 exemplo
1122 757 1212 817 opera
1237 739 1295 798 ista
1325 757 1385 797 non

342 846 440 922 potuit
462 847 621 905 admodum
640 845 772 904 difficilis
795 861 874 921 esse;
906 862 1003 921 neque
1030 845 1064 902 in
1085 843 1143 902 alio
1165 843 1226 901 ullo
1248 843 1385 902 Carmine

342 955 403 1009 tam
425 951 615 1010 artificiosam
639 954 818 1010 structuram
840 949 1005 1026 quaesitam
1027 948 1171 1007 videmus.
1209 947 1314 1024 Itaque
1330 966 1384 1006 nec

342 1054 449 1114 ceteris
483 1055 621 1132 reliquiis
654 1054 821 1114 Homericis
854 1071 911 1112 nec
943 1052 1111 1112 Hesiodicis
1144 1051 1317 1124 defuerunt,
1351 1057 1384 1109 ut

341 1158 457 1234 opinor,
495 1149 738 1231 dicoaevcuaoi,
776 1157 828 1235 qui
866 1157 1034 1233 singulares
1067 1155 1240 1232 rhapsodias
1277 1174 1385 1233 1111111Ι
1411 1223 1413 1230 ,
1473 1161 1474 1164 ’

342 1247 469 1338 cterent,
500 1263 563 1323 sive
584 1281 647 1336 eas,
678 1281 752 1340 quae
775 1263 811 1321 ab
830 1263 906 1338 ipsis
930 1261 1099 1320 auctoribus
1121 1261 1159 1319 ad
1181 1260 1306 1320 eandem
1327 1261 1382 1320 for-

341 1386 421 1426 mam
444 1369 623 1443 compositae
651 1372 748 1442 erant,
778 1385 838 1426 uno
863 1366 1015 1426 volumine
1042 1365 1322 1442 complecterentur,
1350 1370 1382 1424 ut
1473 1439 1474 1450 ἵ

341 1465 550 1552 Καταλόγους
572 1469 726 1552 γυναικῶν
754 1472 804 1531 111
821 1461 941 1542 Ἠοίας
963 1466 1110 1550 μεγάλας.
1155 1471 1297 1548 Idemque
1324 1490 1383 1530 non

340 1577 434 1636 multo
456 1581 524 1652 post
545 1577 748 1637 Pisistratidas
770 1577 882 1636 factum
905 1577 1039 1652 suspicor
1064 1577 1096 1635 in
1119 1575 1241 1652 cyclicis
1264 1579 1295 1634 et
1316 1575 1382 1636 aliis
1470 1637 1474 1653 Ι,

340 1681 443 1742 multis
465 1681 666 1756 Carminibus,
694 1699 782 1760 quae,
804 1682 892 1752 hodie
914 1682 967 1740 vix
988 1681 1108 1741 nomine
1127 1685 1210 1755 nota,
1233 1699 1293 1740 non
1316 1698 1381 1756 per·
1473 1661 1474 1684 ³

340 1787 496 1846 venissent
517 1787 555 1844 ad
583 1787 736 1846 saeculum
755 1787 1003 1861 Ptolemaeorum,
1033 1786 1094 1845 nisi
1115 1790 1181 1846 tum
1199 1787 1235 1845 ab
1257 1786 1382 1846 interitu

340 1890 390 1950 vel
411 1891 497 1950 novis
519 1892 696 1967 corruptelis
719 1896 836 1952 servata
858 1895 967 1952 essent.

426 1994 474 2054 Hx
496 1996 600 2055 eadem
621 2000 718 2056 aetate
737 1996 866 2074 denique
888 1995 1066 2072 repetendae
1088 1995 1229 2054 videntur
1250 1995 1382 2071 plurium

339 2117 462 2176 operum
484 2101 575 2160 falsae
599 2101 823 2177 inscriptiones,
855 2120 960 2178 quum,
990 2100 1134 2178 quidquid
1163 2100 1299 2159 eiusdem
1321 2101 1382 2160 fere

339 2205 413 2264 soni
428 2209 458 2264 et
479 2207 647 2281 argumenti
669 2211 761 2280 essct,
783 2207 837 2265 uni
856 2205 969 2266 auctori
982 2205 1176 2279 tribueretur,
1199 2205 1326 2265 Homero
1349 2207 1381 2264 in

338 2309 444 2387 primis
474 2315 505 2369 et
530 2310 673 2385 Hesiodo,
708 2312 760 2388 qui
789 2311 904 2386 fulgore
937 2311 1080 2371 claritatis
1114 2329 1184 2371 suae
1218 2316 1383 2371 ceterorum

337 2413 501 2475 luminibus
525 2418 691 2475 offecerant.
735 2414 832 2489 Quid?
855 2417 934 2493 quod
955 2417 1106 2475 interdum
1129 2417 1219 2476 etiam
1240 2417 1383 2476 maxima-

336 2537 404 2579 rum
433 2539 533 2580 rerum
566 2520 739 2579 diversitate
770 2520 846 2578 nihil
869 2521 1041 2580 movebatur
1070 2521 1191 2598 antiqua
1213 2521 1381 2582 credulitas,

336 2625 383 2683 Ita
412 2624 533 2684 tandem
565 2624 733 2684 Herodotus
766 2624 882 2699 primus
916 2629 963 2683 est
996 2633 1119 2684 conatus
1152 2624 1211 2682 duo
1245 2623 1383 2684 Carmina

337 2727 450 2786 familia
472 2728 629 2788 Homerica
660 2746 860 2803 summovere,
891 2729 1001 2806 Cypria
1031 2733 1062 2789 et
1083 2728 1234 2805 Epigonos
1247 2725 1303 2810 1⁰),
1332 2730 1383 2788 alii

278 2838 328 2892 158
337 2833 446 2892 deinde
461 2833 598 2908 Hymnos
613 2839 644 2892 et
661 2829 663 2914 1
681 2833 751 2907 alia,
772 2833 865 2893 donec
887 2835 1007 2893 iudiciis
1027 2835 1238 2893 nonnullorum
1253 2834 1382 2894 Alexan-

337 2938 490 2996 drinorum
512 2938 602 3014 vulgo
625 2956 729 2998 omnes
751 2939 972 3015 acquieverrmt.
1019 2939 1063 2999 De
1086 2940 1142 2999 hoc
1163 2957 1273 3015 genere
1295 2958 1381 3017 quae-

337 3044 405 3102 dam
428 3061 488 3102 non
510 3043 633 3120 protrita
654 3061 847 3120 apponerem,
871 3043 898 3104 si
919 3044 995 3102 mihi
1018 3045 1117 3121 potius
1133 3063 1180 3118 eo,
1203 3063 1261 3122 quo
1276 3045 1382 3104 invitat

337 3149 472 3223 materia,
496 3167 585 3226 quam
608 3167 666 3227 quo
688 3149 785 3224 ducit,
808 3149 895 3226 sequi
914 3146 1081 3229 liceret20).

424 3365 468 3428 19)
487 3363 527 3431 Π,
546 3364 605 3416 117.
641 3362 765 3416 Alterum
790 3363 880 3418 locum
905 3362 1059 3418 dubitanter
1083 3363 1164 3428 addo,
1185 3363 1233 3431 IV,
1254 3364 1309 3431 32,
1335 3363 1379 3416 ubi

335 3451 403 3504 mibi
421 3451 557 3504 interdum
575 3450 652 3505 visus
671 3467 732 3504 sum
750 3451 781 3503 in
794 3451 838 3504 his
852 3451 956 3518 verbis,
976 3445 1030 3501 ἀλλ’
1045 3445 1167 3517 Ἡσιόδῳ
1184 3470 1207 3502 κ.
1222 3469 1244 3501 τ.
1257 3453 1280 3503 t.
1299 3467 1378 3505 anno-

334 3539 466 3594 tationem
489 3537 577 3606 legere
601 3538 702 3592 veteris
728 3537 915 3606 Grammatici,
944 3555 997 3592 non
1021 3536 1159 3592 Herodoti.
1204 3538 1245 3590 De
1270 3539 1330 3607 ipsa
1351 3553 1378 3590 rc

336 3625 368 3679 cf.
388 3628 412 3694 ξ,
431 3624 538 3678 XXlIl.
558 3626 627 3678 extr.

423 3711 644 3778 2Ο)’1111111111111
663 3713 772 3766 afferam
791 3711 885 3780 paucis
904 3711 1009 3779 11111111,
1036 3711 1115 3780 longa
1132 3711 1245 3781 dignum
1264 3712 1378 3781 explica·

333 3801 418 3868 tione,
437 3816 472 3852 ex
490 3816 542 3868 quo
560 3799 739 3871 intelligetur,
766 3815 818 3868 quo
841 3815 998 3868 progressae
1023 3799 1079 3853 sint
1096 3799 1279 3854 dubitationes
1300 3800 1376 3853 Grae·
1473 3803 1475 3850 :
