3048 4588
337 331 371 384 56
776 332 941 386 Prolegomene.

337 513 528 590 confectionem
550 517 582 573 et
607 512 688 591 apud
720 513 810 574 Iones
840 518 872 574 et
904 515 985 593 apud
1012 515 1144 593 reliquos
1173 513 1302 575 Graecos
1323 514 1380 573 hac

335 618 403 696 ipse
424 621 521 678 aetate
544 617 675 695 priorem
695 636 757 679 non
778 618 881 679 fuisse.

780 789 921 857 XVHI.

424 941 578 1002 Hactenus
601 941 734 1019 experiri
747 942 912 1019 voluimus,
935 962 993 1022 quo
1008 943 1256 1021 progrederemur
1276 943 1311 1001 in
1325 941 1382 1001 hee

337 1045 556 1121 controversie,
585 1047 744 1107 universae
767 1044 909 1108 historiae
933 1047 1114 1108 testimoniis
1135 1047 1293 1123 adhibitis,
1321 1064 1382 1104 non

336 1151 512 1211 auctoritate
533 1149 655 1211 Homeri
683 1155 715 1212 et
736 1152 926 1230 antiquorum
954 1153 1152 1229 interpretum
1174 1152 1247 1210 eius
1292 1149 1382 1209 Nunc

337 1275 392 1333 age
414 1255 603 1316 attendemus
625 1257 774 1332 animum,
801 1257 874 1334 quid
896 1257 1017 1316 demum
1038 1257 1071 1316 hi
1092 1258 1230 1331 afferant,
1259 1255 1382 1315 reiectis

337 1365 454 1435 tamen,
477 1361 556 1420 sieut
576 1379 630 1439 per
651 1365 710 1436 est,
728 1361 784 1436 iis,
806 1362 859 1438 qui
876 1361 1036 1422 vetustatis
1057 1361 1202 1421 incuriosi
1222 1360 1260 1420 de
1284 1359 1381 1436 operi-

336 1468 393 1526 bus
413 1465 552 1540 Homeri,
577 1464 702 1525 Hesiodi
729 1471 760 1526 et
788 1466 959 1544 aequalium
988 1467 1113 1544 perinde
1133 1465 1297 1543 loquuntur
1315 1469 1381 1523 ten·

337 1570 487 1648 quamde
511 1569 666 1648 quibusvis
698 1570 784 1631 libris
810 1572 1007 1631 bibliothecae
1037 1589 1123 1647 suae,
1153 1571 1203 1630 vel
1231 1569 1381 1630 scribendi

336 1676 480 1736 vocubalo
512 1679 639 1735 utuntur
666 1675 782 1752 vulgari
809 1693 909 1736 errore
943 1676 1020 1752 stili,
1052 1695 1114 1736 non
1142 1675 1235 1735 animi
1261 1675 1381 1735 iudicio.

335 1783 382 1842 lta
403 1781 470 1858 ipse
483 1780 574 1855 mihi,
598 1782 650 1860 qui
673 1773 803 1853 ἀοιδοὺς
825 1781 894 1841 illos
916 1799 977 1841 non
1000 1781 1160 1858 scriptores
1175 1780 1228 1840 sed
1250 1772 1381 1852 ἀοιδοὺς

336 1886 430 1946 fuisse
449 1886 609 1960 contendo,
637 1885 725 1946 facile
747 1903 855 1964 passus
877 1885 936 1946 sim
958 1886 1135 1964 quandoque
1156 1885 1232 1944 illud
1254 1886 1381 1944 verbum

336 1991 493 2066 excidere,
525 2009 565 2050 ue
598 1991 722 2050 alterius
760 2008 849 2068 saepe
885 1991 1008 2069 repetiti
1045 1991 1204 2052 insolentia
1241 1991 1391 2050 offendat·

335 2096 391 2156 Oui
410 2096 519 2155 rationi
537 2095 723 2156 subiicienda
744 2100 816 2156 sunt
836 2097 986 2175 permulta
1006 2097 1071 2156 loea
1092 2100 1243 2170 veterum,
1272 2094 1384 2155 similia

334 2201 419 2276 istis,
441 2219 518 2279 quae
540 2201 724 2262 mentionem
739 2202 904 2280 scripturae
918 2203 1030 2263 habent
1050 2202 1083 2261 in
1103 2202 1225 2278 legibus
1239 2199 1382 2276 Lycurgi,

336 2325 410 2385 quas
432 2324 520 2366 nemo
547 2307 652 2367 doetus
682 2307 753 2367 olim
781 2308 929 2384 scriptura
955 2307 1031 2367 latas
1066 2306 1201 2366 eredidit.
1253 2305 1381 2365 Eodem·

336 2432 395 2493 que
416 2413 561 2473 referrem
580 2417 687 2472 notum
708 2413 808 2473 locum
829 2411 1018 2490 Apollodori,
1048 2412 1082 2471 in
1103 2428 1161 2489 quo
1183 2411 1222 2471 de
1243 2410 1381 2470 exitiosis
1477 2481 1481 2488 ,

335 2518 397 2578 illis
424 2517 573 2577 mandatis
605 2517 705 2577 Proeti
737 2510 914 2591 11.ζ.168.
948 2535 1058 2576 nomen
1080 2508 1258 2598 ἐπιστολῆς
1286 2516 1381 2593 pouit,

336 2622 514 2700 praesertim
547 2640 641 2699 quum
673 2621 717 2680 ibi
751 2639 857 2698 parum
886 2625 991 2699 aptum
1018 2621 1127 2680 fuisset
1154 2619 1265 2680 exoleti
1287 2619 1382 2680 moris

294 2726 494 2802 74indieium,
517 2744 717 2804 negaremque
729 2725 901 2803 Apollodori
920 2727 977 2786 hae
1001 2721 1005 2808 Ι
1030 2726 1067 2785 de
1089 2744 1123 2785 re
1145 2721 1325 2786 sententiam
1346 2743 1384 2784 eo

335 2833 400 2892 loco
422 2831 623 2910 quaerendam
637 2849 721 2906 esse,
743 2831 804 2891 nisi
825 2831 891 2908 ipsa
905 2832 996 2891 verba
1017 2849 1036 2890 a
1051 2830 1268 2912 significatione
1283 2831 1382 2890 iustae

336 2937 480 3015 epistolae
497 2955 620 3015 prorsus
641 2932 896 3012 abhorrerent³⁶>.
965 2985 969 2994 ⁴

423 3177 468 3246 36)
486 3177 523 3245 H,
537 3177 562 3245 3,
576 3176 600 3229 1.
623 3180 746 3246 Προῖτος
763 3174 864 3228 ἔδωκεν
881 3174 1073 3234 ἐπιστολὰς
1091 3175 1164 3243 αὐτῷ
1178 3175 1248 3244 πρὸς
1257 3168 1383 3242 Ἰοβάτην

335 3269 465 3336 copreae
487 3262 650 3333 [κομίζειν],
674 3263 704 3315 ἓν
723 3255 767 3321 αἷς
792 3263 1029 3332 ἐνεγέγραπτο
1054 3261 1281 3331 Βελλεροφόντην
1309 3262 1382 3313 ἀπο-

334 3358 453 3408 κτεῖναι·
474 3345 597 3419 Ἰοβάτης
609 3349 640 3402 δὲ
653 3348 825 3418 ἐπιγνοὺς
843 3349 973 3410 ἓπέταξεν
989 3368 1013 3402 ιι.
1026 3368 1049 3402 τ.
1063 3350 1085 3404 i.
1104 3348 1178 3414 Quae
1190 3349 1243 3402 duo
1256 3349 1341 3403 verba
1352 3349 1383 3402 in

334 3442 362 3496 h.
373 3441 392 3494 l.
406 3439 542 3510 pertinere
555 3437 684 3491 ridentur
696 3436 731 3491 ad
748 3436 911 3505 scripturam
922 3435 1088 3504 litterarum,
1107 3435 1173 3490 talia
1184 3451 1244 3490 esse
1257 3434 1332 3505 dico,
1350 3438 1383 3498 ut

337 3530 369 3582 da
386 3527 459 3582 notis
477 3542 526 3580 seu
544 3525 630 3594 signis
658 3525 769 3592 accepte
797 3522 899 3591 optime
924 3521 1042 3577 habeant
1068 3523 1096 3577 et
1121 3523 1268 3591 prudenter
1293 3525 1383 3591 posita

336 3615 399 3670 sint.
434 3615 506 3669 Nam
524 3612 678 3683 ἐγγράφειν
695 3612 755 3664 tum
772 3626 821 3679 per
839 3627 868 3664 se
886 3610 1005 3665 incertae
1022 3609 1163 3680 potestatis
1182 3612 1237 3678 est,
1261 3611 1322 3664 tum
1340 3611 1384 3666 est

336 3703 405 3758 illud
423 3703 513 3772 ipsum
530 3702 658 3769 uerbum,
685 3699 757 3768 quod
782 3698 854 3767 apud
880 3700 987 3766 poetam
1014 3698 1121 3766 legitur.
1158 3697 1232 3752 Pone
1258 3714 1307 3767 pro
1334 3699 1382 3754 illo
1459 3699 1462 3706 ‘

337 3791 498 3860 iyyidrpmo,
512 3789 701 3859 ἐγκολάπτειν,
714 3785 913 3857 inmoriemur,-
925 3787 1110 3855 importunum
1122 3786 1244 3840 studium
1256 3785 1383 3841 variandi
