2980 4576
563 359 727 413 Prolegomena.
1118 364 1169 419 169

131 434 352 442 υ--η---Μ-
366 437 384 443 -

126 557 231 614 porum
242 534 300 622 ⁹⁰);
341 542 457 619 primus
492 541 573 603 idem
611 541 832 604 Grammatioen
868 542 990 621 linguae
1027 540 1170 626 Graeloae,
1179 547 1231 602 219

126 644 256 706 maxime
278 646 445 724 analogiam
467 651 498 708 et
519 647 651 726 reliquas
672 652 785 725 partes,
816 665 892 727 quae
922 647 1061 710 discretis
1090 668 1172 711 nuno

125 749 361 826 professionibus
376 770 394 812 a
408 751 594 830 philosophis
609 756 781 828 mactantis,
796 753 913 814 acutius
927 753 1052 815 rimatus
1067 751 1171 838 est91),

126 854 268 933 varieque
292 875 411 918 onmem
433 857 511 917 hano
532 861 627 918 artem
649 857 809 933 instruxit,
831 857 954 919 inventa
975 857 1067 918 etiam
1089 863 1172 920 nota·

124 958 206 1020 tione
239 965 418 1022 accentuum
450 966 482 1022 et
513 961 769 1040 interpunctione,
802 980 895 1040 quum
926 963 964 1022 ad
992 962 1025 1023 id
1052 967 1172 1042 tempus

123 1063 253 1126 inflexio
275 1070 307 1126 et
329 1084 420 1128 sonus
442 1067 524 1128 vocis
546 1067 630 1128 nullo
646 1084 705 1128 usu
720 1067 876 1145 signorum
890 1073 1057 1144 regerem,
1079 1087 1172 1130 unus·

11 1155 12 1230 i
124 1187 184 1247 que
211 1188 247 1230 ae
268 1175 432 1249 perpetuus
461 1172 569 1232 ductus
590 1171 758 1232 litterarum
787 1171 947 1233 lectionem
969 1171 1056 1234 valde
1077 1173 1172 1251 impe·

11 1270 14 1285 '
123 1268 265 1352 diret92).
319 1273 415 1348 Quem
444 1279 566 1353 propter
599 1293 690 1335 imam
723 1293 788 1336 rem
822 1276 1031 1354 Aristophanis
1061 1293 1172 1337 nomen

123 1382 271 1454 perpetua
290 1380 434 1440 memoria
456 1379 583 1457 dignum
604 1380 773 1441 habendum
793 1385 887 1456 esset,
916 1380 976 1441 nisi
998 1381 1172 1442 memoriam

123 1481 232 1542 talium
254 1483 425 1561 quotidiana
446 1485 630 1546 consuetudo
649 1485 865 1562 exstingueret.
901 1485 1024 1546 Praeter
1044 1487 1119 1547 haec
1139 1485 1171 1545 in

10 1602 11 1637 1
123 1586 237 1648 multos
266 1593 297 1648 et
326 1589 519 1666 gravissimos
548 1589 708 1670 scriptores
737 1595 955 1652 commentatus
978 1595 1036 1666 est,
1068 1609 1171 1652 recen·

123 1691 246 1771 suitque
268 1711 303 1753 ac
324 1693 473 1770 disposuit
492 1713 596 1754 eorum
610 1712 713 1774 opera,
735 1701 770 1756 ut
786 1692 789 1778 1
803 1695 940 1772 Hesiodi,
962 1695 1077 1773 Alcaei,
1100 1695 1171 1756 Pin·
1180 1701 1232 1757 220

124 1798 203 1873 dari,
234 1793 423 1881 Platonis⁹³¹).
471 1800 668 1879 Praecipuum
699 1819 770 1862 vero
800 1801 933 1862 studium
963 1801 1110 1879 impendit
1139 1803 1171 1862 in

214 1981 260 2048 90)
280 1980 350 2034 Vide
367 1980 539 2050 Quintili,
559 1982 588 2049 1,
607 1982 648 2036 15.
668 1985 696 2036 et
713 1983 768 2036 vet.
787 1981 914 2037 Scholion
930 1980 1076 2038 Hesiodioo
1089 1982 1172 2039 Sento

10 2076 14 2144 ,“
124 2071 159 2126 ab
178 2070 250 2124 Aldo
269 2073 297 2124 et
315 2068 406 2136 Steph.
432 2067 585 2126 subiectum
604 2068 681 2138 [Hes.
700 2085 780 2124 carm.
799 2069 841 2122 ed.
860 2068 909 2122 III.
930 2068 1025 2124 Goettl.
1045 2086 1071 2137 p.
1091 2069 1172 2138 118.]‚

10 2145 11 2154 ¹
124 2158 154 2211 in
173 2172 227 2226 quo
242 2156 402 2227 Fiagmento
420 2155 580 2210 auctoritate
593 2155 782 2225 Aristophanis
795 2156 946 2224 dubitatur,
967 2172 1001 2210 an
1012 2154 1125 2211 Hesiodi
1143 2156 1172 2211 id
1191 2205 1196 2216 .

10 2235 11 2249 ²
125 2244 241 2300 Carmen
267 2243 356 2298 fuerit.
393 2241 467 2310 Quae
492 2243 610 2312 suspicio
636 2244 710 2299 haud
736 2242 817 2297 dubie
842 2243 877 2297 ad
899 2243 970 2297 totos
993 2242 1172 2312 Καιαλόγους

9 2337 13 2413 p
123 2329 266 2401 pertinuit.
308 2329 349 2383 De
375 2329 503 2383 extremis
532 2329 668 2398 Odysseae
693 2331 726 2385 ab
754 2329 848 2384 eodem
875 2328 974 2384 Oritico
1001 2329 1030 2383 in
1057 2329 1170 2384 dubium

9 2415 10 2458 l
123 2418 262 2474 revocatis
279 2417 337 2471 dixi
355 2433 437 2486 supra
453 2435 478 2486 p.
496 2418 554 2472 135.

213 2505 259 2573 91)
278 2504 404 2560 Studiose
421 2505 524 2575 legerat
540 2505 589 2560 illa
605 2505 704 2573 Varro,
723 2505 756 2558 de
775 2505 805 2558 L.
818 2504 848 2559 L.
867 2504 997 2559 scribens.
1033 2504 1103 2559 Vide
1120 2505 1170 2559 IV.

8 2605 10 2664 j
122 2595 189 2649 edit.
209 2591 317 2662 Bipont.
335 2611 360 2662 p.
374 2594 416 2647 51.
435 2592 511 2646 VHI.
531 2610 556 2662 p.
571 2592 629 2647 129.
648 2591 699 2646 IX.
717 2609 743 2661 p.
760 2593 818 2645 177.
838 2591 897 2660 [VI.
912 2592 942 2660 2,
960 2592 1010 2646 IX.
1024 2592 1070 2660 12,
1090 2592 1171 2648 X.68
1245 2659 1251 2668 .

70 2723 71 2726 ι
122 2684 165 2737 ed.
186 2680 301 2750 Muell.].
339 2679 460 2746 Quorum
477 2679 598 2734 locorum
618 2678 701 2734 altero
725 2679 898 2734 confirmatur
923 2678 964 2747 id,
993 2680 1063 2748 quod
1081 2679 1171 2748 paullo

8 2782 11 2799 ¹
121 2771 187 2824 ante
213 2767 368 2836 suspicatus
393 2783 454 2822 sum
479 2767 512 2820 de
537 2765 732 2822 consuetudine
751 2765 882 2820 sermonis
903 2765 1013 2820 venuti
1031 2766 1170 2837 analogiae

121 2855 280 2928 posthabita
299 2872 316 2911 a
333 2853 530 2910 Grammaticis.

214 2943 261 3011 92)
279 2943 348 2998 Vide
365 2942 469 2997 Fosteri
487 2941 575 3010 Essay
593 2956 628 2994 on
645 2941 749 2994 Accent
768 2939 821 2993 and
840 2938 971 3010 Quantity
989 2959 1014 3010 p.
1033 2941 1091 2996 182.
1111 2957 1170 3012 sqq.

122 3036 224 3099 steca,
244 3047 311 3100 quos
328 3030 422 3085 laudat
433 3029 539 3084 Villois.
557 3028 587 3081 in
600 3027 722 3096 Append.
738 3027 772 3081 ad
784 3025 880 3095 Epistt.
894 3028 1000 3084 Vinarr.
1020 3044 1070 3082 seu
1081 3029 1171 3098 potius

6 3165 7 3178 .
121 3121 172 3175 diu
197 3117 381 3173 desideratum
402 3116 534 3185 scriptum
551 3114 662 3170 Arcadii
680 3113 843 3168 Antiocheni
862 3117 926 3185 περὶ
948 3117 996 3182 τῆς
1013 3117 1068 3170 τῶν
1084 3115 1171 3169 τόνων

122 3207 255 3275 εὑρέσεως
273 3205 324 3257 etc.
343 3203 447 3257 ibidem
467 3203 500 3258 ab
519 3201 566 3256 illo
578 3201 665 3270 primo
680 3201 791 3255 editum.
822 3201 864 3256 Ex
882 3218 915 3257 ea
933 3201 1170 3257 dochinahm‘sto-
1203 3241 1207 3252 .

6 3283 8 3330 ἶ
121 3291 223 3362 phanis
241 3291 343 3359 passim
362 3289 467 3359 aliquid
491 3290 525 3343 de
544 3288 647 3344 ratione
667 3291 829 3344 accentuum
853 3289 969 3344 afferunt
987 3289 1170 3358 Grammatioi,

6 3377 8 3438 ἶ
122 3379 232 3448 primus
250 3376 373 3431 omnium
390 3376 515 3446 Apollon.
535 3376 613 3430 Alex.
632 3375 681 3430 IV.
700 3393 725 3444 p.
745 3375 805 3430 304.
825 3375 884 3445 [IV.
906 3375 939 3445 2.,
957 3394 983 3446 p.
997 3375 1056 3430 209.
1074 3375 1170 3445 Bella]

6 3469 8 3520 L
212 3464 259 3532 93)
283 3463 355 3518 Vide
373 3462 462 3518 Schol.
487 3463 521 3518 ad
539 3463 650 3518 Hesiod.
678 3467 709 3518 Θ.
728 3463 770 3518 68.
788 3462 935 3532 Hephaest.
954 3462 1064 3516 Euchir.
1082 3480 1108 3532 p.
1129 3463 1171 3518 74.

123 3555 161 3624 [ρ.
182 3551 242 3606 143.
263 3550 360 3619 Galen]
380 3550 457 3621 Diog.
477 3550 566 3605 Lacit.
586 3550 640 3618 ΙΠ,
659 3551 702 3605 61.
739 3551 816 3604 Pind.
836 3549 928 3606 Vitam
946 3550 1022 3605 am.
1041 3548 1171 3620 Magistro

123 3641 266 3698 collectam
285 3639 387 3709 [Biogr.
403 3638 447 3692 Gr.
462 3655 487 3707 p.
503 3637 561 3692 101.
576 3653 616 3705 ap.
631 3637 802 3706 Westerm.],
815 3637 862 3692 uhi
875 3637 1005 3707 legimus,
1019 3630 1172 3706 Ἄριστον

6 3737 7 3764 ἒ
123 3729 188 3796 μὲν
214 3727 302 3797 ὕδωρ
328 3727 519 3796 προτετάχθαι
545 3724 599 3776 ὑπὸ
622 3717 838 3795 Ἀριστοφάνους
862 3733 921 3776 τοῦ
948 3724 1172 3784 συντάξαντος

124 3816 162 3872 τὰ
183 3814 394 3885 Πινδαρικιὶ,
422 3811 471 3864 διὰ
494 3812 526 3864 τὸ
545 3814 683 3882 περιέχειν
705 3821 756 3864 τοῦ
776 3813 883 3882 ἀγῶνος
904 3811 1044 3881 ἐγκώμιον
1066 3813 1112 3864 καὶ
1137 3811 1171 3864 τὰ
