3048 4588
574 333 737 386 Prolegomens.
1145 329 1180 384 45

137 533 197 592 quo
220 516 341 591 negotio
362 515 495 592 perfecto
517 515 638 573 demum
666 531 716 572 res
742 513 781 572 ad
808 513 1018 588 inscriptiones
1047 509 1181 587 lapidum

137 619 284 678 similisve
305 620 447 679 materiae
467 618 586 678 traduci
607 618 720 694 potuit:
743 621 948 676 vemrmtamen
962 621 998 676 ut
1020 617 1072 675 illa
1086 615 1180 674 medi-

94 783 97 787 .
135 728 269 783 tamenta
290 725 350 783 ianr
373 724 475 784 Iliacis
496 723 682 799 temporibus
706 723 779 782 satis
806 721 939 798 perfecta
959 721 1086 794 fuerint,
1116 720 1180 778 lon-

136 847 210 904 gum
231 830 304 888 hinc
324 835 355 888 11
383 829 487 888 multis
515 827 613 888 modis
634 827 813 903 impeditum
833 827 892 888 iter
912 827 1058 899 restabat,
1087 826 1181 886 donec

19 905 22 982 ἶ
136 940 232 993 artem
252 934 403 994 habilibus
433 933 642 993 instrumentis
669 937 769 1008 aptam
790 932 898 991 1111111
924 931 1067 990 doctrinis
1088 949 1181 1007 popu-

136 1039 185 1098 lus
206 1038 245 1096 ad
267 1039 404 1098 brevium
426 1039 624 1115 paginarum,
654 1042 719 1096 tum
750 1037 788 1096 ad
808 1037 919 1096 iustam
944 1036 1089 1095 librorum
1109 1036 1181 1094 scri-

37 1223 41 1232 ,
136 1144 272 1219 ptionem
293 1143 455 1203 adhiberet.

225 1248 334 1308 Tribus
355 1249 454 1308 verbis
492 1249 637 1323 indicavi,
671 1267 759 1326 quae,
793 1252 912 1306 111111
933 1251 1181 1322 1111111111111,

136 1352 264 1412 forsitan
298 1370 351 1412 sex
386 1354 514 1417 saeculis
545 1371 607 1412 non
639 1353 792 1429 potuerint
824 1351 861 1412 ad
896 1353 1038 1411 effectum
1069 1350 1180 1410 venire

136 1455 197 1515 Diu
219 1458 302 1516 euim
322 1458 443 1516 illorum
464 1458 621 1518 hominum
638 1451 642 1538 1
659 1459 721 1517 vita
742 1463 773 1516 et
788 1456 963 1534 simplicitas
982 1455 1060 1514 nihil
1081 1453 1181 1514 admo-
1191 1462 1225 1516 59

137 1561 210 1620 dum
243 1563 362 1638 habuit,
396 1563 476 1640 quod
508 1565 654 1640 scriptura
687 1562 814 1639 dignum
844 1561 1013 1621 uideretur:
1049 1561 1082 1618 11
1113 1559 1181 1620 aliis

19 1731 21 1738 Α
138 1669 277 1727 omuibus
299 1669 433 1745 occupati
454 1674 548 1744 agunt
570 1668 631 1741 illi,
654 1686 730 1744 quae
753 1667 864 1744 posteri
888 1667 1036 1740 scribunt,
1062 1665 1126 1739 vel,
1148 1669 1183 1724 11

139 1771 176 1830 11
194 1772 375 1849 quibusdam
396 1773 516 1849 populis
537 1773 722 1848 accepimus,
746 1773 836 1831 etiam
854 1775 1047 1830 monstratam
1063 1787 1182 1858 operam

20 1947 21 1950 Ἴ
135 1871 213 1936 hanc
237 1882 384 1952 spernunt
404 1883 547 1955 tauquam
568 1875 702 1938 indecori
724 1877 791 1936 otii:
815 1876 1081 1949 01111111111111,
1104 1891 1181 1951 quae
1268 1929 1272 1936 .

135 1986 289 2058 pmgrmt,
310 1983 399 2059 longo
421 2000 480 2042 usu
502 1983 547 2042 sic
568 2001 619 2042 ore
642 1987 673 2042 et
694 1982 820 2042 fundere
843 1987 873 2040 et
895 1981 1034 2057 excipere
1056 1998 1181 2040 consue-

136 2091 258 2160 verunt,
285 2091 432 2158 1111111
460 2091 490 2146 et
511 2086 684 2147 recitatione
712 2087 911 2146 cummaxime
932 2086 1066 2162 vigentia
1087 2083 1181 2144 dedu-

137 2208 203 2250 cere
223 2191 262 2248 ad
282 2195 380 2252 mutas
408 2196 508 2267 notas,
543 2210 581 2250 ex
613 2191 697 2251 illius
728 2191 835 2252 aetatis
868 2209 960 2250 sensu
989 2190 1067 2249 nihil
1099 2190 1181 2248 aliud
1248 2177 1250 2182 ’

137 2301 232 2370 esset,
267 2314 356 2372 quam
391 2297 540 2372 perimere
572 2314 608 2356 11
638 2301 670 2356 11
698 2296 783 2355 vitali
812 2297 843 2354 vi
867 2314 902 2354 ac
923 2295 1033 2372 spiritu
1054 2295 1179 2371 privare.

19 2373 21 2410 ἑ
138 2399 201 2474 Qua
223 2399 261 2460 de
283 2417 317 2458 re
338 2400 417 2458 infra
437 2401 549 2475 dicam,
575 2419 668 2478 quum
689 2401 726 2460 de
748 2418 872 2460 munere
894 2399 1107 2475 rhapsodorum
1129 2417 1181 2458 ex·

136 2505 260 2581 plicabc.
305 2505 395 2564 Nunc
429 2506 467 2564 11
495 2506 710 2583 impedimenta
736 2506 966 2582 praevertimur,
997 2522 1072 2582 quae
1099 2509 1180 2568 aetas

137 2609 173 2667 ad
196 2609 316 2686 opificia
336 2609 437 2669 minus
461 2627 553 2686 sagax
586 2629 647 2669 non
678 2611 775 2686 potuit
802 2628 863 2669 non
884 2609 1027 2685 obiicere,
1061 2610 1180 2670 nocito

137 2713 205 2773 talis
227 2731 292 2789 res,
323 2719 386 2773 tam
405 2732 460 2791 per
489 2733 522 2774 se
544 2733 650 2792 parum
672 2719 740 2792 apta
763 2714 916 2790 sensibus,
944 2716 980 2774 ab
1002 2715 1195 2774 obscuritate

137 2819 375 2878 rudimentorum
397 2820 435 2878 11
461 2826 629 2896 promptam
650 2821 824 2887 facilitatem
846 2820 1067 2896 perduceretur.
1110 2819 1180 2880 Ete-

136 2924 201 2982 nim
224 2929 369 3001 quantum
402 2929 433 2984 et
466 2943 556 3003 quam
587 2925 641 2985 diu
666 2927 699 2985 in
730 2927 787 2986 hoc
816 2943 927 3002 genere
955 2925 1119 2985 laboratum
1142 2926 1181 2986 sit

19 3103 46 3126 ᾖ·
137 3028 209 3088 olim
242 3029 511 3089 instrumentorum
541 3031 680 3107 penuria,
714 3030 888 3106 singulatim
913 3031 1053 3107 persequi
1080 3030 1181 3106 ipsum

19 3185 21 3214 ,
136 3133 220 3192 labor
242 3137 295 3192 est.
340 3132 418 3192 Eum
439 3139 541 3194 tamen
553 3135 685 3195 laborem
698 3136 893 3216 1111111111
911 3129 1064 3211 defugiam
1079 3153 1181 3194 eorum

137 3239 248 3314 gratim
278 3239 330 3315 qui
359 3239 450 3300 nimis
477 3241 590 3300 assueti
619 3259 786 3317 pennarum
811 3257 932 3300 suarum
953 3241 1180 3317 chartarumque

137 3343 253 3402 levitati
272 3343 463 3404 difficultates
489 3325 662 3404 huiusmodi
683 3365 701 3404 a
720 3364 768 3406 me
793 3350 913 3422 praeter
934 3345 1055 3404 modum
1076 3345 1182 3420 augeri

19 3523 20 3526 Ἴ
138 3453 251 3524 putent

19 3537 20 3586 l
163 3539 171 3574 ²
225 3553 407 3614 Percurrant
429 3573 500 3631 ergo
523 3574 641 3616 mecum
661 3575 713 3630 ea,
735 3557 768 3615 in
788 3556 897 3632 quibus
919 3555 1077 3630 graphium
1092 3551 1182 3614 Grae-

140 3677 240 3718 corum
267 3660 456 3736 abantiquis
489 3661 681 3736 scriptoribus
711 3661 838 3720 traditur
859 3659 1026 3719 miserrime
1048 3643 1181 3720 haesisse

141 3765 176 3821 ad
199 3763 366 3832 saeculum,
382 3765 445 3824 fere
470 3765 521 3824 VI.
544 3765 718 3840 11110111,
751 3783 809 3842 quo
839 3765 968 3842 primum
999 3765 1099 3824 biblus
1130 3763 1195 3825 seu'
