2980 4576
354 353 405 406 132
793 350 957 403 Prolegomena.

318 507 319 515 ¹
353 533 518 611 exemplis,
541 552 605 594 rem
624 533 678 592 vix
699 533 787 594 aliter
806 533 929 609 aggredi
950 537 1126 610 potuerunt,
1149 551 1239 610 quam
1261 537 1296 591 ut
1316 531 1394 590 iudi-

353 637 447 696 cando
468 637 682 715 eligendoque,
705 637 784 715 quod
806 637 915 714 cuique
938 637 1003 696 loco
1021 637 1174 696 videretur
1193 636 1395 714 aptissimum,

353 743 477 801 formam
500 746 603 802 textus
624 741 728 801 multis
744 742 880 818 partibus
895 742 983 800 aliam
1006 742 1147 801 facerent.
1193 741 1273 800 Talis
1292 745 1396 800 autem

353 866 448 907 novus
470 851 589 922 textus,
613 851 647 906 ut
668 851 735 906 tum
757 851 843 906 erant
864 851 1010 923 tempora,
1033 864 1132 924 neque
1148 846 1276 924 perferri
1296 846 1397 924 potuit

352 952 384 1011 in
406 952 559 1028 publicam
580 952 733 1026 notitiam,
764 951 889 1029 (quippe
916 951 1052 1029 privatus
1073 951 1156 1010 labor
1178 947 1277 1031 erat,)
1296 967 1396 1028 neque
1476 1029 1477 1032 ρ

352 1057 426 1116 alios
447 1075 586 1116 revocare
620 1058 657 1116 ab
692 1056 785 1115 simili
817 1057 956 1116 instituto
984 1061 1015 1116 et
1038 1074 1126 1132 opera
1156 1056 1273 1116 scilicet
1295 1073 1397 1114 emen·
1476 1043 1477 1046 ¹

353 1161 452 1220 dandi.
499 1161 549 1222 Sic
578 1166 665 1220 aucto
694 1161 806 1222 sensim
828 1179 954 1220 numero
976 1161 1126 1236 codicum,
1154 1161 1222 1220 fons
1243 1161 1296 1219 ille
1318 1160 1397 1219 Pisi-
1476 1239 1477 1248 ρ

354 1270 497 1340 strateus,
518 1265 648 1324 simodo
669 1265 698 1325 11
720 1283 800 1325 unus
815 1265 882 1325 fons
905 1266 979 1340 fuit,
1001 1266 1034 1324 in
1055 1265 1157 1342 plures
1180 1265 1292 1324 diversi
1313 1264 1398 1324 velut
1468 1329 1477 1346 ,ρ

354 1371 468 1448 saporis
490 1370 603 1431 rivulos
627 1371 766 1430 diductus
788 1389 859 1429 mox
880 1371 1061 1447 impediebat
1082 1375 1235 1430 accuratae
1257 1371 1398 1430 lectionis
1476 1405 1477 1450 3

354 1476 493 1535 studium.
538 1476 617 1552 Ergo
640 1476 667 1535 si
685 1476 901 1552 intelligentior
921 1476 1046 1554 aliquis,
1077 1481 1108 1536 et
1138 1477 1190 1553 qui
1211 1476 1294 1535 idem
1315 1479 1399 1534 esset
1476 1549 1477 1556 ρ

353 1585 453 1656 polita,
473 1585 525 1640 aut
546 1585 627 1640 certe
643 1598 704 1638 non
726 1580 843 1640 alienus
866 1600 884 1638 a
906 1581 1023 1657 poetica
1044 1581 1198 1654 facultate,
1221 1574 1292 1660 (nec
1314 1580 1397 1656 quis·
1475 1561 1477 1654 1

354 1704 444 1762 quam
466 1686 559 1761 alius,
590 1685 669 1763 quod
702 1689 832 1759 constet,
862 1691 931 1745 ante
952 1685 1183 1763 Aristophanem
1211 1685 1283 1760 Byr.
1305 1684 1397 1743 talem
1476 1683 1477 1728 ἴ

353 1807 455 1848 curam
478 1783 638 1868 suscepit)
668 1790 722 1848 sed
752 1789 779 1848 si
802 1789 870 1867 quis
892 1789 1066 1865 intelligens
1094 1795 1124 1848 et
1146 1789 1298 1850 studiosus
1320 1789 1397 1847 anti-

294 1905 430 1971 173quae
446 1894 628 1971 elegantiae,
652 1895 709 1954 sibi
725 1895 825 1954 suisve
841 1895 945 1953 amicis
967 1899 1125 1972 paraturus
1143 1889 1147 1975 l
1168 1912 1280 1952 novum
1295 1911 1397 1952 exem·

353 1995 492 2079 plarll),
527 2000 670 2076 optimos,
705 2017 779 2076 quos
810 1999 919 2058 alicubi
952 2000 1067 2059 ,servari
1100 1983 1245 2074 audisset,
1279 1999 1397 2058 codices

353 2108 590 2180 comparaverat,
624 2121 769 2181 persaepe
802 2103 835 2162 in
869 2103 1000 2162 maxima
1029 2103 1205 2163 difficultate
1235 2103 1396 2176 iudicandi,

354 2209 426 2285 quid
452 2227 558 2268 verum
588 2214 670 2268 esset
696 2213 727 2268 et
755 2209 937 2284 genuinum,
965 2208 1082 2266 nullum
1111 2208 1230 2268 videtur
1257 2208 1397 2266 habuisse

354 2314 537 2390 praesidium
559 2313 727 2391 promptius
749 2314 918 2390 meliusque
938 2313 1061 2388 ingenio
1085 2331 1146 2372 suo.

442 2419 568 2478 Penitus
602 2417 652 2478 hic
682 2417 768 2478 nobis
801 2418 934 2477 tollenda
962 2423 1009 2477 est
1039 2418 1155 2495 opinio,
1188 2436 1246 2495 qua
1273 2416 1397 2476 Oriticos

355 2522 438 2582 iliius
459 2523 566 2582 aetatis
591 2523 630 2582 ad
658 2523 737 2580 hanc
757 2540 852 2580 novae
880 2522 954 2582 artis
979 2521 1137 2581 formulam
1158 2521 1308 2598 fingimus.
1351 2520 1396 2579 Ne

356 2627 457 2704 ipsum
478 2628 600 2704 quidem
618 2627 825 2686 Aristarchum
840 2645 880 2687 ex
901 2626 958 2686 hac
971 2626 1098 2686 fonnula
1115 2627 1309 2686 iudicandum
1324 2643 1396 2699 esse,

357 2731 456 2808 paullo
478 2751 549 2791 mox
571 2733 785 2792 demonstrabo.
830 2731 981 2790 Nimirum
995 2732 1127 2808 primum
1141 2732 1214 2790 artis
1228 2731 1397 2808 ingressum

357 2855 467 2912 vagum
499 2838 532 2895 in
566 2837 672 2914 primis
705 2843 735 2896 et
768 2837 960 2896 temerarium
991 2837 1086 2896 fuisse
1118 2836 1302 2914 reperimus,
1336 2835 1397 2895 sive

356 2943 512 3002 materiem
535 2941 653 3002 11111111
673 2942 806 3018 antiquis
821 2931 1015 3024 drepanium
1036 2942 1251 3026 rhapsodorum
1274 2940 1397 3001 11οο111-

356 3065 439 3120 cum,
470 3064 524 3106 seu
555 3045 661 3106 Graeci
688 3045 805 3122 ingenii
835 3046 981 3120 indolem,
1011 3064 1066 3106 seu
1094 3047 1201 3105 horum
1230 3050 1396 3123 temporum
1476 3025 1477 3054 r

356 3151 572 3226 conditionem,
605 3169 659 3211 seu
691 3151 822 3230 denique
851 3151 933 3228 ipsas
955 3151 1097 3229 reliquias
1124 3151 1197 3210 artis
1220 3156 1395 3228 spectemus.

445 3365 490 3432 37)
515 3357 604 3422 'litor
630 3366 837 3433 γεγραμμένον,
864 3363 883 3416 1.
910 3379 932 3416 1.
958 3361 1072 3430 privato
1101 3360 1193 3415 stadio
1223 3360 1394 3430 descriptum,
1476 3383 1477 3436 j

358 3452 436 3522 quale
455 3451 595 3519 exemplar
611 3450 755 3518 utrimque
774 3449 909 3504 Carminis
929 3449 1079 3504 Cassander
1095 3449 1207 3505 Macedo
1231 3450 1329 3505 fecisse
1345 3451 1394 3502 fer·
1476 3453 1477 3458 ’

356 3542 402 3594 tur
426 3557 467 3608 ap.
486 3539 584 3594 Athen.
603 3537 679 3592 XIV.
704 3555 730 3607 p.
751 3536 811 3591 620.
826 3537 857 3592 Β.
894 3538 935 3592 De
961 3538 1013 3592 hac
1039 3537 1114 3607 regia
1140 3554 1205 3592 cura
1229 3539 1320 3592 tamen
1345 3551 1396 3589 non
1476 3533 1477 3610 j

358 3627 488 3682 dissentio
508 3625 642 3681 allabric.
662 3625 732 3679 Bibl.
753 3624 796 3678 Gr.
816 3624 854 3693 [Τ.
873 3624 899 3694 Ι]
918 3642 944 3694 p.
964 3625 1023 3679 361.
1059 3625 1122 3678 Non
1143 3627 1265 3694 γράφειν
1286 3623 1394 3678 dixisset
1476 3663 1477 3690 ,

357 3715 525 3782 Athenaeus,
551 3730 586 3766 ex
611 3729 685 3767 more
711 3712 954 3766 Grammaticorum
979 3712 1155 3782 Graecorum,
1182 3713 1231 3767 sed
1256 3711 1392 3783 διορθοῦν,
1475 3699 1477 3748 l

358 3802 383 3856 si
402 3801 553 3856 emendatio
571 3800 740 3855 accessisset.
