3048 4588
352 356 387 409 54
796 355 960 408 Prolagomona.

352 535 562 613 Archilochus,
592 537 733 613 Alcman,
759 538 919 613 Pisander,
949 539 1041 598 Arion
1062 540 1221 598 ethorum
1242 537 1395 615 aequales:

352 647 453 702 tamen
476 643 502 703 si
530 643 567 703 de
595 645 725 701 cainaea
749 644 867 702 &aaran
898 647 928 703 et
955 643 1055 721 paullo
1088 643 1202 703 tritiora
1233 661 1292 703 usu
1323 645 1396 704 artis

352 748 531 823 institutoque
552 747 802 806 ooaacrilandoram
825 747 958 806 latrorum
980 749 1113 826 quaeris,
1137 748 1214 807 illud
1243 766 1397 808 removen-

352 852 426 912 dum
445 871 507 912 non
530 871 596 912 esse
614 871 632 911 a
653 851 799 926 Thaletis,
821 851 955 927 Solonis,
982 852 1133 913 Pisistrati
1154 858 1185 913 et
1207 871 1322 928 eornm,
1345 853 1398 931 qui

254 1039 257 1044 Ι
352 956 510 1034 Sapientes
542 958 744 1035 appellantur,
777 961 887 1032 aetate,
919 957 939 1017 i.
963 976 988 1018 e.
1020 977 1055 1018 ea
1088 977 1146 1036 qua
1180 958 1272 1018 oratio
1301 963 1398 1018 metro

353 1061 429 1123 solvi
449 1063 564 1140 coepit,
596 1063 639 1123 ita
661 1063 812 1140 significat
839 1065 925 1125 nobis
944 1063 1069 1123 historia
1090 1064 1200 1122 artium
1219 1062 1400 1124 Graeeamm
1428 1059 1429 1062 ’

352 1167 501 1243 omnium,
517 1172 551 1226 nt
565 1167 723 1227 infantiam
739 1186 825 1228 suam
838 1169 923 1229 obliti
938 1167 1041 1246 populi
1056 1167 1262 1228 testimonium
1273 1168 1399 1230 minime

351 1272 585 1332 desiderandum
606 1273 749 1332 videatur.

349 1397 352 1404 ‘
437 1377 484 1436 De
515 1376 632 1436 cultura
665 1395 770 1455 prosae
811 1377 965 1454 orationis,
1007 1378 1132 1438 ineunte
1173 1378 1292 1439 saeculo
1327 1384 1398 1439 ante

353 1482 421 1541 0111.
445 1481 499 1541 Ἦ.
522 1501 539 1541 a
561 1482 698 1559 pluribus
721 1488 751 1543 et
778 1483 845 1561 ipso
868 1482 976 1543 Solone
995 1483 1150 1557 inchoata,
1180 1483 1277 1561 deque
1298 1485 1398 1544 musis

309 1596 341 1648 71
351 1587 423 1645 novi
444 1585 560 1664 incepti
581 1587 659 1646 nihil
687 1588 738 1648 hio
765 1589 858 1648 habeo
882 1588 994 1648 dicore:
1021 1583 1024 1667 Ι
1049 1592 1080 1648 et
1102 1606 1178 1665 qnae
1200 1606 1239 1648 ox
1261 1594 1398 1650 veterum

351 1692 425 1752 locis
447 1691 560 1751 hauriri
582 1697 724 1770 possunt,
747 1694 826 1753 diota
849 1699 920 1753 sunt
942 1693 1055 1754 omnia:
1078 1697 1109 1754 at
1128 1712 1219 1753 unam
1238 1713 1315 1769 rem,
1339 1683 1398 1756 etsi

351 1795 385 1855 in
419 1796 590 1857 coniectura
621 1799 767 1876 positam,
800 1801 938 1873 afferam,
975 1798 1036 1859 nisi
1069 1799 1169 1858 omnia
1200 1817 1249 1860 me
1280 1799 1397 1875 fallunt,
1501 1844 1504 1852 .

351 1901 543 1961 utilissimam
574 1903 645 1962 hnic
678 1903 846 1980 quaestioni
879 1909 1006 1964 nostrae.
1050 1904 1128 1962 Nam
1162 1903 1281 1964 videtur
1308 1905 1398 1982 plane

351 2023 477 2066 necasse
497 2024 581 2082 esse,
603 2012 639 2067 ut
660 2012 739 2083 tum,
762 2026 856 2086 quum
879 2007 986 2068 Graeci
1007 2008 1155 2086 impetum
1169 2014 1311 2086 caperent
1332 2011 1398 2068 vin-

351 2109 419 2170 cula
441 2113 566 2171 metrica
587 2113 755 2172 revellendi
783 2118 814 2172 et
836 2130 955 2190 prosam
974 2113 1139 2188 condendi,
1170 2114 1242 2173 satis
1263 2114 1323 2173 iam
1346 2133 1398 2175 ex-

350 2215 454 2292 pedita
475 2217 567 2277 hierit
589 2217 745 2295 scriptoria
760 2236 808 2278 ars
825 2223 1005 2296 suppetente
1021 2218 1107 2296 copia
1120 2219 1398 2296 instrumentorum,

350 2323 460 2402 quibus
483 2322 521 2382 ad
543 2341 610 2382 eam
631 2327 789 2383 uterentur
811 2324 877 2383 sine
900 2322 1043 2384 molestia.
1088 2323 1157 2384 Non
1180 2325 1259 2401 quod
1281 2325 1314 2383 in
1336 2324 1395 2384 ista

350 2428 435 2507 copia
456 2427 550 2487 ullam
581 2428 645 2486 vim
673 2427 768 2488 fuisso
797 2433 915 2506 putem,
949 2433 984 2487 ut
1014 2447 1126 2488 novum
1148 2446 1245 2505 genus
1266 2430 1395 2506 cogitata

351 2532 511 2612 eloquendi
543 2537 731 2610 nasceretur,
765 2534 810 2592 uti
843 2532 923 2592 docti
954 2519 1088 2611 quidam,
1120 2553 1214 2612 quum
1246 2535 1395 2611 poeticam

350 2651 413 2698 tam
433 2641 549 2696 mature
572 2642 673 2696 natam
694 2638 886 2713 mirarentur,
907 2656 1021 2716 neque,
1045 2657 1099 2698 cur
1119 2638 1162 2698 ita
1177 2639 1289 2699 factum
1303 2645 1394 2715 esset,

350 2742 500 2817 viderent,
522 2760 642 2802 causam
657 2741 723 2802 eius
745 2742 790 2802 rei
810 2743 1001 2819 praecipuam
1020 2743 1097 2803 hanc
1111 2744 1292 2820 attulerimt,
1315 2746 1395 2823 quod

348 2848 433 2908 rudis
455 2847 584 2924 populus
606 2852 692 2908 acute
707 2848 902 2935 praeviderit,
925 2848 1070 2908 eximium
1085 2849 1268 2926 praesidium
1281 2868 1394 2911 memo-

348 2955 411 3014 riae
433 2953 496 3012 fore
519 2953 552 3011 in
574 2970 733 3012 numerosa
755 2953 956 3013 moderatione
978 2971 1135 3014 versuum:
1166 2973 1271 3015 verum
1292 2959 1395 3015 tamen

348 3077 410 3119 non
423 3057 575 3133 intelligo,
599 3075 657 3135 qua
670 3057 794 3117 tandem
808 3057 923 3118 ratione
938 3058 1079 3136 cuiquam
1093 3059 1127 3118 in
1141 3064 1275 3119 montem
1289 3061 1394 3120 venire

347 3163 479 3241 potuerit
501 3161 615 3240 aliquid
636 3162 802 3239 prosarium
822 3180 1016 3239 componere,
1038 3163 1098 3222 nisi
1120 3163 1209 3224 aliam
1229 3163 1395 3246 custodiam

348 3266 507 3345 compositi
542 3267 576 3324 in
613 3271 754 3344 promptu
797 3267 921 3327 haberet
962 3286 1051 3346 quam
1089 3269 1264 3329 memoriam
1300 3287 1393 3328 suam.

348 3371 490 3433 Obruitur
511 3371 593 3431 enim
614 3371 770 3446 memoria,
790 3372 968 3450 animusque
987 3378 1112 3448 vagatur
1131 3378 1161 3433 et
1183 3379 1262 3434 errat
1283 3373 1316 3433 in
1338 3374 1395 3435 hac

347 3476 442 3536 libera
469 3476 692 3536 continuatione
714 3478 884 3552 verborum,
915 3495 990 3555 quae
1022 3478 1115 3538 nullis
1146 3478 1236 3539 cerlis
1258 3480 1394 3539 numeris

348 3581 490 3642 adstricta
513 3585 573 3656 est,
604 3580 696 3641 nullis
727 3580 811 3642 velut
844 3582 948 3660 spatiis
975 3582 1128 3659 distincta,
1160 3583 1269 3662 quibus
1300 3585 1394 3644 oratio

349 3685 450 3746 orbem
479 3705 568 3747 sunm
597 3686 741 3746 conficiat.
786 3686 880 3764 Atqui
899 3705 992 3765 quum
1011 3688 1170 3748 Homerica
1190 3688 1281 3748 dictio
1303 3689 1393 3766 longe
1503 3727 1504 3730 =

348 3791 496 3869 longeque
518 3792 641 3852 reducta
663 3791 703 3851 sit
723 3792 759 3850 ab
780 3809 814 3851 eo
833 3809 921 3867 son0,
944 3811 1035 3871 quom
1056 3793 1090 3852 in
1111 3793 1238 3852 infantia
1256 3793 1394 3870 gentium
1411 3843 1421 3874 ,
