<?xml version="1.0" encoding="UTF-8"?>
<!DOCTYPE html PUBLIC "-//W3C//DTD XHTML 1.0 Transitional//EN"
    "http://www.w3.org/TR/xhtml1/DTD/xhtml1-transitional.dtd">
<html xmlns="http://www.w3.org/1999/xhtml" xml:lang="en" lang="en">
 <head>
  <title>
</title>
<meta http-equiv="Content-Type" content="text/html;charset=utf-8" />
  <meta name='ocr-system' content='tesseract 3.04.00' />
  <meta name='ocr-capabilities' content='ocr_page ocr_carea ocr_par ocr_line ocrx_word'/>
</head>
<body>
  <div class='ocr_page' id='page_1' title='image "./prolegomenaadho05wolfgoog/prolegomenaadho05wolfgoog_0229.png"; bbox 0 0 2984 4580; ppageno 0'>
   <div class='ocr_carea' id='block_1_1' title="bbox 13 497 1226 1101">
    <p class='ocr_par' dir='ltr' id='par_1_1' title="bbox 124 497 1168 560">
     <span class='ocr_line' id='line_1_1' title="bbox 124 497 1168 560; baseline 0.004 -4"><span class='ocrx_word' id='word_1_1' title='bbox 124 497 178 556; x_wconf 87' lang='lat' dir='ltr'>dos</span> <span class='ocrx_word' id='word_1_2' title='bbox 191 515 355 558; x_wconf 77' lang='lat' dir='ltr'>censerem.</span> <span class='ocrx_word' id='word_1_3' title='bbox 394 498 551 558; x_wconf 81' lang='lat' dir='ltr'>Difficilior</span> <span class='ocrx_word' id='word_1_4' title='bbox 572 498 631 558; x_wconf 87' lang='lat' dir='ltr'>erit</span> <span class='ocrx_word' id='word_1_5' title='bbox 652 497 786 558; x_wconf 83' lang='lat' dir='ltr'>defensio</span> <span class='ocrx_word' id='word_1_6' title='bbox 808 499 948 560; x_wconf 73' lang='lat' dir='ltr'>audaciae</span> <span class='ocrx_word' id='word_1_7' title='bbox 967 503 1086 560; x_wconf 85' lang='lat' dir='ltr'>nostrae</span> <span class='ocrx_word' id='word_1_8' title='bbox 1101 499 1129 558; x_wconf 91' lang='lat' dir='ltr'>h.</span> <span class='ocrx_word' id='word_1_9' title='bbox 1144 518 1168 560; x_wconf 86' lang='lat' dir='ltr'>e.</span> 
     </span>
    </p>

    <p class='ocr_par' dir='ltr' id='par_1_2' title="bbox 13 602 1171 684">
     <span class='ocr_line' id='line_1_2' title="bbox 13 602 1171 684; baseline 0.003 -24"><span class='ocrx_word' id='word_1_10' title='bbox 13 669 14 684; x_wconf 12' lang='grc' dir='ltr'>χ</span> <span class='ocrx_word' id='word_1_11' title='bbox 124 602 332 662; x_wconf 76' lang='lat' dir='ltr'>Aristarcheae</span> <span class='ocrx_word' id='word_1_12' title='bbox 362 604 395 661; x_wconf 93' lang='lat' dir='ltr'>in</span> <span class='ocrx_word' id='word_1_13' title='bbox 419 623 450 680; x_wconf 90' lang='grc' dir='ltr'>μ.</span> <span class='ocrx_word' id='word_1_14' title='bbox 476 603 667 664; x_wconf 83' lang='grc'><strong>175-181.</strong></span> <span class='ocrx_word' id='word_1_15' title='bbox 690 608 793 662; x_wconf 83' lang='lat' dir='ltr'>eontra</span> <span class='ocrx_word' id='word_1_16' title='bbox 811 603 914 679; x_wconf 87' lang='lat' dir='ltr'>Pium,</span> <span class='ocrx_word' id='word_1_17' title='bbox 944 605 996 682; x_wconf 85' lang='lat' dir='ltr'>qui</span> <span class='ocrx_word' id='word_1_18' title='bbox 1026 605 1171 664; x_wconf 89' lang='lat' dir='ltr'>nonnulla</span> 
     </span>
    </p>

    <p class='ocr_par' dir='ltr' id='par_1_3' title="bbox 13 707 1226 998">
     <span class='ocr_line' id='line_1_3' title="bbox 13 707 1171 786; baseline 0.003 -20"><span class='ocrx_word' id='word_1_19' title='bbox 13 715 14 728; x_wconf 63' lang='lat'>¹</span> <span class='ocrx_word' id='word_1_20' title='bbox 123 707 200 766; x_wconf 88' lang='lat' dir='ltr'>bene</span> <span class='ocrx_word' id='word_1_21' title='bbox 224 708 361 785; x_wconf 87' lang='lat' dir='ltr'>opponit,</span> <span class='ocrx_word' id='word_1_22' title='bbox 383 725 482 784; x_wconf 84' lang='lat' dir='ltr'>neque</span> <span class='ocrx_word' id='word_1_23' title='bbox 504 713 604 767; x_wconf 87' lang='lat' dir='ltr'>tamen</span> <span class='ocrx_word' id='word_1_24' title='bbox 627 708 659 767; x_wconf 92' lang='lat' dir='ltr'>id</span> <span class='ocrx_word' id='word_1_25' title='bbox 682 709 786 784; x_wconf 86' lang='lat' dir='ltr'>effieit,</span> <span class='ocrx_word' id='word_1_26' title='bbox 811 714 846 768; x_wconf 89' lang='lat' dir='ltr'>ut</span> <span class='ocrx_word' id='word_1_27' title='bbox 868 709 935 768; x_wconf 82' lang='lat' dir='ltr'>istis</span> <span class='ocrx_word' id='word_1_28' title='bbox 951 709 1087 769; x_wconf 87' lang='lat' dir='ltr'>versibus</span> <span class='ocrx_word' id='word_1_29' title='bbox 1102 709 1171 786; x_wconf 86' lang='lat' dir='ltr'>plus</span> 
     </span>
     <span class='ocr_line' id='line_1_4' title="bbox 122 809 1171 894; baseline 0.004 -24"><span class='ocrx_word' id='word_1_30' title='bbox 122 812 194 871; x_wconf 88' lang='lat' dir='ltr'>fidei</span> <span class='ocrx_word' id='word_1_31' title='bbox 216 812 379 872; x_wconf 83' lang='lat' dir='ltr'>habeamus</span> <span class='ocrx_word' id='word_1_32' title='bbox 403 831 493 890; x_wconf 91' lang='lat' dir='ltr'>quam</span> <span class='ocrx_word' id='word_1_33' title='bbox 515 813 665 872; x_wconf 84' lang='lat' dir='ltr'>similibus</span> <span class='ocrx_word' id='word_1_34' title='bbox 687 813 748 873; x_wconf 89' lang='lat' dir='ltr'>illis</span> <span class='ocrx_word' id='word_1_35' title='bbox 771 828 800 872; x_wconf 90' lang='grc' dir='ltr'>σ.</span> <span class='ocrx_word' id='word_1_36' title='bbox 825 815 897 874; x_wconf 87' lang='grc'><strong>356.</strong></span> <span class='ocrx_word' id='word_1_37' title='bbox 924 809 1048 894; x_wconf 79' lang='lat' dir='ltr'>sqq.⁶¹).</span> <span class='ocrx_word' id='word_1_38' title='bbox 1087 813 1171 873; x_wconf 84' lang='lat' dir='ltr'>Aliae</span> 
     </span>
     <span class='ocr_line' id='line_1_5' title="bbox 123 909 1226 998; baseline 0.005 -24"><span class='ocrx_word' id='word_1_39' title='bbox 123 909 298 998; x_wconf 72' lang='grc' dir='ltr'><em>ἀθετήσεις</em></span> <span class='ocrx_word' id='word_1_40' title='bbox 319 917 385 977; x_wconf 89' lang='lat' dir='ltr'>eius</span> <span class='ocrx_word' id='word_1_41' title='bbox 400 917 560 977; x_wconf 87' lang='lat' dir='ltr'>traduntur</span> <span class='ocrx_word' id='word_1_42' title='bbox 573 936 716 977; x_wconf 85' lang='lat' dir='ltr'>versuum</span> <span class='ocrx_word' id='word_1_43' title='bbox 739 912 856 979; x_wconf 72' lang='grc'><strong>(1117,</strong></span> <span class='ocrx_word' id='word_1_44' title='bbox 881 911 907 992; x_wconf 83' lang='grc' dir='ltr'>ξ.</span> <span class='ocrx_word' id='word_1_45' title='bbox 925 919 997 978; x_wconf 85' lang='grc'><strong>500.</strong></span> <span class='ocrx_word' id='word_1_46' title='bbox 1020 934 1045 977; x_wconf 89' lang='grc' dir='ltr'>ο.</span> <span class='ocrx_word' id='word_1_47' title='bbox 1062 921 1169 978; x_wconf 87' lang='grc'>449-</span> <span class='ocrx_word' id='word_1_48' title='bbox 1224 963 1226 970; x_wconf 73' lang='grc'>.</span> 
     </span>
    </p>

    <p class='ocr_par' dir='ltr' id='par_1_4' title="bbox 13 1001 1171 1101">
     <span class='ocr_line' id='line_1_6' title="bbox 13 1001 1171 1101; baseline 0.002 -21"><span class='ocrx_word' id='word_1_49' title='bbox 13 1077 16 1096; x_wconf 73' lang='grc'><strong>,</strong></span> <span class='ocrx_word' id='word_1_50' title='bbox 124 1022 197 1080; x_wconf 83' lang='lat'>451.</span> <span class='ocrx_word' id='word_1_51' title='bbox 227 1026 258 1082; x_wconf 78' lang='lat' dir='ltr'>et</span> <span class='ocrx_word' id='word_1_52' title='bbox 282 1024 353 1081; x_wconf 80' lang='lat'>712.</span> <span class='ocrx_word' id='word_1_53' title='bbox 383 1037 411 1082; x_wconf 84' lang='grc' dir='ltr'>σ,</span> <span class='ocrx_word' id='word_1_54' title='bbox 434 1023 626 1082; x_wconf 79' lang='grc'><strong>444-456.</strong></span> <span class='ocrx_word' id='word_1_55' title='bbox 656 1041 691 1082; x_wconf 85' lang='grc' dir='ltr'>ω.</span> <span class='ocrx_word' id='word_1_56' title='bbox 716 1001 787 1082; x_wconf 72' lang='grc'><strong>558.</strong></span> <span class='ocrx_word' id='word_1_57' title='bbox 810 1024 882 1083; x_wconf 82' lang='lat'><strong>557.</strong></span> <span class='ocrx_word' id='word_1_58' title='bbox 928 1022 1171 1101; x_wconf 52' lang='grc'><strong>[1811618106-</strong></span> 
     </span>
    </p>
   </div>
   <div class='ocr_carea' id='block_1_2' title="bbox 7 1125 1233 3186">
    <p class='ocr_par' dir='ltr' id='par_1_5' title="bbox 7 1125 1233 3186">
     <span class='ocr_line' id='line_1_7' title="bbox 13 1125 1170 1208; baseline -0.001 -24"><span class='ocrx_word' id='word_1_59' title='bbox 13 1188 16 1197; x_wconf 68' lang='grc'>,</span> <span class='ocrx_word' id='word_1_60' title='bbox 122 1125 183 1185; x_wconf 88' lang='lat' dir='ltr'>bile</span> <span class='ocrx_word' id='word_1_61' title='bbox 211 1131 260 1186; x_wconf 88' lang='lat' dir='ltr'>est</span> <span class='ocrx_word' id='word_1_62' title='bbox 284 1126 318 1185; x_wconf 93' lang='lat' dir='ltr'>in</span> <span class='ocrx_word' id='word_1_63' title='bbox 344 1126 464 1203; x_wconf 89' lang='lat' dir='ltr'>primis,</span> <span class='ocrx_word' id='word_1_64' title='bbox 494 1127 573 1205; x_wconf 87' lang='lat' dir='ltr'>quod</span> <span class='ocrx_word' id='word_1_65' title='bbox 594 1128 741 1186; x_wconf 88' lang='lat' dir='ltr'>mirantur</span> <span class='ocrx_word' id='word_1_66' title='bbox 764 1126 956 1187; x_wconf 80' lang='lat' dir='ltr'>Grammatioi</span> <span class='ocrx_word' id='word_1_67' title='bbox 978 1127 1016 1185; x_wconf 85' lang='lat' dir='ltr'>ad</span> <span class='ocrx_word' id='word_1_68' title='bbox 1037 1147 1063 1208; x_wconf 87' lang='grc' dir='ltr'>ρ.</span> <span class='ocrx_word' id='word_1_69' title='bbox 1090 1128 1170 1202; x_wconf 82' lang='lat'>172,</span> 
     </span>
     <span class='ocr_line' id='line_1_8' title="bbox 12 1231 1172 1309; baseline -0.001 -18"><span class='ocrx_word' id='word_1_70' title='bbox 12 1252 16 1279; x_wconf 60' lang='lat' dir='ltr'>a</span> <span class='ocrx_word' id='word_1_71' title='bbox 122 1233 203 1292; x_wconf 87' lang='lat' dir='ltr'>huno</span> <span class='ocrx_word' id='word_1_72' title='bbox 230 1249 351 1291; x_wconf 90' lang='lat' dir='ltr'>versum</span> <span class='ocrx_word' id='word_1_73' title='bbox 380 1233 417 1292; x_wconf 91' lang='lat' dir='ltr'>ab</span> <span class='ocrx_word' id='word_1_74' title='bbox 445 1231 497 1291; x_wconf 87' lang='lat' dir='ltr'>illo</span> <span class='ocrx_word' id='word_1_75' title='bbox 528 1233 593 1291; x_wconf 90' lang='lat' dir='ltr'>sine</span> <span class='ocrx_word' id='word_1_76' title='bbox 624 1236 694 1291; x_wconf 87' lang='lat' dir='ltr'>nota</span> <span class='ocrx_word' id='word_1_77' title='bbox 723 1232 933 1294; x_wconf 81' lang='lat' dir='ltr'>transmissum</span> <span class='ocrx_word' id='word_1_78' title='bbox 962 1250 1043 1306; x_wconf 88' lang='lat' dir='ltr'>esse,</span> <span class='ocrx_word' id='word_1_79' title='bbox 1078 1251 1172 1309; x_wconf 90' lang='lat' dir='ltr'>quum</span> 
     </span>
     <span class='ocr_line' id='line_1_9' title="bbox 12 1337 1171 1415; baseline -0.001 -18"><span class='ocrx_word' id='word_1_80' title='bbox 12 1369 13 1414; x_wconf 66' lang='lat'>,</span> <span class='ocrx_word' id='word_1_81' title='bbox 123 1338 208 1412; x_wconf 83' lang='lat' dir='ltr'>talia,</span> <span class='ocrx_word' id='word_1_82' title='bbox 238 1355 314 1415; x_wconf 88' lang='lat' dir='ltr'>quae</span> <span class='ocrx_word' id='word_1_83' title='bbox 341 1337 404 1396; x_wconf 90' lang='lat' dir='ltr'>vim</span> <span class='ocrx_word' id='word_1_84' title='bbox 433 1339 600 1398; x_wconf 80' lang='lat' dir='ltr'>sententiae</span> <span class='ocrx_word' id='word_1_85' title='bbox 631 1338 803 1398; x_wconf 88' lang='lat' dir='ltr'>minuerent</span> <span class='ocrx_word' id='word_1_86' title='bbox 823 1337 1048 1414; x_wconf 82' lang='lat' dir='ltr'>restringendo,</span> <span class='ocrx_word' id='word_1_87' title='bbox 1077 1337 1171 1396; x_wconf 88' lang='lat' dir='ltr'>obelis</span> 
     </span>
     <span class='ocr_line' id='line_1_10' title="bbox 124 1439 1170 1522; baseline -0.001 -21"><span class='ocrx_word' id='word_1_88' title='bbox 124 1443 242 1519; x_wconf 83' lang='lat' dir='ltr'>signare</span> <span class='ocrx_word' id='word_1_89' title='bbox 270 1439 506 1522; x_wconf 58' lang='lat' dir='ltr'>ammomum).</span> <span class='ocrx_word' id='word_1_90' title='bbox 555 1442 620 1517; x_wconf 80' lang='lat' dir='ltr'>Quo</span> <span class='ocrx_word' id='word_1_91' title='bbox 649 1461 709 1501; x_wconf 90' lang='lat' dir='ltr'>uno</span> <span class='ocrx_word' id='word_1_92' title='bbox 738 1461 777 1502; x_wconf 83' lang='lat' dir='ltr'>ex</span> <span class='ocrx_word' id='word_1_93' title='bbox 806 1442 872 1502; x_wconf 89' lang='lat' dir='ltr'>loeo</span> <span class='ocrx_word' id='word_1_94' title='bbox 902 1443 975 1503; x_wconf 87' lang='lat' dir='ltr'>satis</span> <span class='ocrx_word' id='word_1_95' title='bbox 1005 1447 1170 1520; x_wconf 84' lang='lat' dir='ltr'>appareret,</span> 
     </span>
     <span class='ocr_line' id='line_1_11' title="bbox 12 1540 1172 1625; baseline 0.003 -23"><span class='ocrx_word' id='word_1_96' title='bbox 12 1540 13 1602; x_wconf 75' lang='grc'>1</span> <span class='ocrx_word' id='word_1_97' title='bbox 124 1547 243 1608; x_wconf 83' lang='lat' dir='ltr'>etiamsi</span> <span class='ocrx_word' id='word_1_98' title='bbox 271 1547 364 1607; x_wconf 82' lang='lat' dir='ltr'>ceteri</span> <span class='ocrx_word' id='word_1_99' title='bbox 400 1566 504 1607; x_wconf 91' lang='lat' dir='ltr'>omnes</span> <span class='ocrx_word' id='word_1_100' title='bbox 539 1548 692 1623; x_wconf 84' lang='lat' dir='ltr'>deessent,</span> <span class='ocrx_word' id='word_1_101' title='bbox 728 1547 935 1611; x_wconf 75' lang='lat' dir='ltr'>Aristarchum</span> <span class='ocrx_word' id='word_1_102' title='bbox 962 1547 1055 1606; x_wconf 88' lang='lat' dir='ltr'>multo</span> <span class='ocrx_word' id='word_1_103' title='bbox 1085 1548 1172 1625; x_wconf 86' lang='lat' dir='ltr'>plura</span> 
     </span>
     <span class='ocr_line' id='line_1_12' title="bbox 124 1645 1170 1733; baseline 0 -21"><span class='ocrx_word' id='word_1_104' title='bbox 124 1645 300 1733; x_wconf 76' lang='grc' dir='ltr'><em>ἀθετῆσαι,</em></span> <span class='ocrx_word' id='word_1_105' title='bbox 324 1671 414 1730; x_wconf 90' lang='lat' dir='ltr'>quam</span> <span class='ocrx_word' id='word_1_106' title='bbox 436 1653 546 1731; x_wconf 88' lang='lat' dir='ltr'>quibus</span> <span class='ocrx_word' id='word_1_107' title='bbox 567 1671 677 1714; x_wconf 90' lang='lat' dir='ltr'>nomen</span> <span class='ocrx_word' id='word_1_108' title='bbox 699 1653 766 1713; x_wconf 85' lang='lat' dir='ltr'>eius</span> <span class='ocrx_word' id='word_1_109' title='bbox 788 1654 959 1730; x_wconf 87' lang='lat' dir='ltr'>appositum</span> <span class='ocrx_word' id='word_1_110' title='bbox 981 1659 1035 1713; x_wconf 87' lang='lat' dir='ltr'>est.</span> <span class='ocrx_word' id='word_1_111' title='bbox 1072 1654 1170 1730; x_wconf 82' lang='lat' dir='ltr'>Atque</span> 
     </span>
     <span class='ocr_line' id='line_1_13' title="bbox 12 1746 1171 1842; baseline 0 -24"><span class='ocrx_word' id='word_1_112' title='bbox 12 1831 13 1842; x_wconf 10' lang='grc' dir='ltr'>χ</span> <span class='ocrx_word' id='word_1_113' title='bbox 123 1760 154 1818; x_wconf 92' lang='lat' dir='ltr'>in</span> <span class='ocrx_word' id='word_1_114' title='bbox 178 1756 315 1833; x_wconf 87' lang='lat' dir='ltr'>Odyssea</span> <span class='ocrx_word' id='word_1_115' title='bbox 343 1758 467 1837; x_wconf 87' lang='lat' dir='ltr'>quidem</span> <span class='ocrx_word' id='word_1_116' title='bbox 496 1776 557 1818; x_wconf 92' lang='lat' dir='ltr'>non</span> <span class='ocrx_word' id='word_1_117' title='bbox 579 1758 704 1818; x_wconf 88' lang='lat' dir='ltr'>memini</span> <span class='ocrx_word' id='word_1_118' title='bbox 726 1759 787 1818; x_wconf 87' lang='lat' dir='ltr'>nisi</span> <span class='ocrx_word' id='word_1_119' title='bbox 809 1746 899 1818; x_wconf 90' lang='lat' dir='ltr'>unius</span> <span class='ocrx_word' id='word_1_120' title='bbox 927 1777 1048 1834; x_wconf 88' lang='lat' dir='ltr'>versus,</span> <span class='ocrx_word' id='word_1_121' title='bbox 1078 1759 1171 1818; x_wconf 90' lang='lat' dir='ltr'>abeo</span> 
     </span>
     <span class='ocr_line' id='line_1_14' title="bbox 11 1855 1172 1944; baseline 0 -22"><span class='ocrx_word' id='word_1_122' title='bbox 11 1863 12 1878; x_wconf 74' lang='lat'><em>²</em></span> <span class='ocrx_word' id='word_1_123' title='bbox 123 1862 300 1922; x_wconf 87' lang='lat' dir='ltr'>nominatim</span> <span class='ocrx_word' id='word_1_124' title='bbox 322 1855 552 1939; x_wconf 77' lang='grc' dir='ltr'><em>ἄθετουμένου,</em></span> <span class='ocrx_word' id='word_1_125' title='bbox 574 1861 604 1941; x_wconf 79' lang='grc' dir='ltr'>β.</span> <span class='ocrx_word' id='word_1_126' title='bbox 627 1857 747 1944; x_wconf 84' lang='lat'>137.,*)</span> <span class='ocrx_word' id='word_1_127' title='bbox 771 1881 861 1942; x_wconf 89' lang='lat' dir='ltr'>quem</span> <span class='ocrx_word' id='word_1_128' title='bbox 882 1867 962 1924; x_wconf 83' lang='lat' dir='ltr'>oerte</span> <span class='ocrx_word' id='word_1_129' title='bbox 985 1863 1087 1923; x_wconf 86' lang='lat' dir='ltr'>durior</span> <span class='ocrx_word' id='word_1_130' title='bbox 1106 1863 1172 1923; x_wconf 90' lang='lat' dir='ltr'>elli·</span> 
     </span>
     <span class='ocr_line' id='line_1_15' title="bbox 11 1965 1172 2048; baseline 0 -20"><span class='ocrx_word' id='word_1_131' title='bbox 11 2045 12 2048; x_wconf 9' lang='lat'>¹</span> <span class='ocrx_word' id='word_1_132' title='bbox 123 1969 187 2045; x_wconf 88' lang='lat' dir='ltr'>psis</span> <span class='ocrx_word' id='word_1_133' title='bbox 202 1965 287 2028; x_wconf 69' lang='lat' dir='ltr'>ierbi</span> <span class='ocrx_word' id='word_1_134' title='bbox 303 1968 483 2028; x_wconf 78' lang='lat' dir='ltr'>substantivi</span> <span class='ocrx_word' id='word_1_135' title='bbox 496 1987 602 2045; x_wconf 85' lang='lat' dir='ltr'>parum</span> <span class='ocrx_word' id='word_1_136' title='bbox 616 1968 766 2028; x_wconf 87' lang='lat' dir='ltr'>defendat.</span> <span class='ocrx_word' id='word_1_137' title='bbox 803 1968 885 2028; x_wconf 83' lang='lat' dir='ltr'>Haeo</span> <span class='ocrx_word' id='word_1_138' title='bbox 900 1969 981 2028; x_wconf 89' lang='lat' dir='ltr'>enim</span> <span class='ocrx_word' id='word_1_139' title='bbox 998 1969 1064 2045; x_wconf 87' lang='lat' dir='ltr'>ipsa</span> <span class='ocrx_word' id='word_1_140' title='bbox 1080 1969 1172 2028; x_wconf 82' lang='lat' dir='ltr'>inter-</span> 
     </span>
     <span class='ocr_line' id='line_1_16' title="bbox 123 2073 1172 2154; baseline -0.002 -21"><span class='ocrx_word' id='word_1_141' title='bbox 123 2073 283 2151; x_wconf 89' lang='lat' dir='ltr'>polationis</span> <span class='ocrx_word' id='word_1_142' title='bbox 312 2092 402 2133; x_wconf 86' lang='lat' dir='ltr'>causa</span> <span class='ocrx_word' id='word_1_143' title='bbox 430 2091 497 2133; x_wconf 88' lang='lat' dir='ltr'>esse</span> <span class='ocrx_word' id='word_1_144' title='bbox 526 2074 636 2150; x_wconf 86' lang='lat' dir='ltr'>potuit,</span> <span class='ocrx_word' id='word_1_145' title='bbox 667 2079 702 2132; x_wconf 87' lang='lat' dir='ltr'>ut</span> <span class='ocrx_word' id='word_1_146' title='bbox 721 2073 756 2134; x_wconf 89' lang='grc' dir='ltr'>Π.</span> <span class='ocrx_word' id='word_1_147' title='bbox 788 2092 814 2154; x_wconf 83' lang='grc' dir='ltr'>η.</span> <span class='ocrx_word' id='word_1_148' title='bbox 839 2076 911 2134; x_wconf 77' lang='lat'><strong>353.</strong></span> <span class='ocrx_word' id='word_1_149' title='bbox 944 2091 964 2131; x_wconf 93' lang='grc' dir='ltr'>ι.</span> <span class='ocrx_word' id='word_1_150' title='bbox 989 2076 1061 2133; x_wconf 87' lang='grc'><strong>416.</strong></span> <span class='ocrx_word' id='word_1_151' title='bbox 1085 2075 1172 2132; x_wconf 88' lang='lat' dir='ltr'>etin</span> 
     </span>
     <span class='ocr_line' id='line_1_17' title="bbox 123 2178 1171 2256; baseline -0.001 -17"><span class='ocrx_word' id='word_1_152' title='bbox 123 2180 190 2239; x_wconf 85' lang='lat' dir='ltr'>aliis</span> <span class='ocrx_word' id='word_1_153' title='bbox 213 2179 358 2254; x_wconf 85' lang='lat' dir='ltr'>versibus.</span> <span class='ocrx_word' id='word_1_154' title='bbox 397 2179 538 2239; x_wconf 78' lang='lat' dir='ltr'>Ceterum</span> <span class='ocrx_word' id='word_1_155' title='bbox 560 2179 652 2239; x_wconf 79' lang='lat' dir='ltr'>eliam</span> <span class='ocrx_word' id='word_1_156' title='bbox 675 2179 794 2238; x_wconf 89' lang='lat' dir='ltr'>obelum</span> <span class='ocrx_word' id='word_1_157' title='bbox 813 2178 915 2256; x_wconf 88' lang='lat' dir='ltr'>posuit</span> <span class='ocrx_word' id='word_1_158' title='bbox 936 2197 1005 2238; x_wconf 89' lang='lat' dir='ltr'>oum</span> <span class='ocrx_word' id='word_1_159' title='bbox 1030 2179 1171 2238; x_wconf 83' lang='lat' dir='ltr'>asterisco</span> 
     </span>
     <span class='ocr_line' id='line_1_18' title="bbox 127 2282 1171 2362; baseline -0.005 -15"><span class='ocrx_word' id='word_1_160' title='bbox 127 2285 333 2359; x_wconf 85' lang='lat' dir='ltr'>ooniunetum,</span> <span class='ocrx_word' id='word_1_161' title='bbox 365 2283 516 2362; x_wconf 82' lang='lat' dir='ltr'>duplicata</span> <span class='ocrx_word' id='word_1_162' title='bbox 548 2289 619 2344; x_wconf 87' lang='lat' dir='ltr'>nota</span> <span class='ocrx_word' id='word_1_163' title='bbox 651 2283 838 2360; x_wconf 81' lang='lat' dir='ltr'>significans,</span> <span class='ocrx_word' id='word_1_164' title='bbox 870 2302 924 2345; x_wconf 89' lang='lat' dir='ltr'>suo</span> <span class='ocrx_word' id='word_1_165' title='bbox 957 2282 1078 2362; x_wconf 89' lang='lat' dir='ltr'>quidem</span> <span class='ocrx_word' id='word_1_166' title='bbox 1107 2283 1171 2342; x_wconf 86' lang='lat' dir='ltr'>loeo</span> 
     </span>
     <span class='ocr_line' id='line_1_19' title="bbox 127 2388 1171 2468; baseline -0.001 -19"><span class='ocrx_word' id='word_1_167' title='bbox 127 2391 282 2468; x_wconf 82' lang='lat' dir='ltr'>egregium</span> <span class='ocrx_word' id='word_1_168' title='bbox 301 2407 422 2450; x_wconf 85' lang='lat' dir='ltr'>versum</span> <span class='ocrx_word' id='word_1_169' title='bbox 444 2407 527 2465; x_wconf 88' lang='lat' dir='ltr'>esse,</span> <span class='ocrx_word' id='word_1_170' title='bbox 557 2389 610 2450; x_wconf 91' lang='lat' dir='ltr'>sed</span> <span class='ocrx_word' id='word_1_171' title='bbox 639 2388 737 2449; x_wconf 84' lang='lat' dir='ltr'>alieno</span> <span class='ocrx_word' id='word_1_172' title='bbox 759 2389 824 2448; x_wconf 89' lang='lat' dir='ltr'>looo</span> <span class='ocrx_word' id='word_1_173' title='bbox 849 2389 951 2448; x_wconf 88' lang='lat' dir='ltr'>minus</span> <span class='ocrx_word' id='word_1_174' title='bbox 978 2393 1058 2448; x_wconf 86' lang='lat' dir='ltr'>reete</span> <span class='ocrx_word' id='word_1_175' title='bbox 1086 2406 1171 2465; x_wconf 84' lang='lat' dir='ltr'>repe-</span> 
     </span>
     <span class='ocr_line' id='line_1_20' title="bbox 126 2491 1233 2576; baseline -0.004 -19"><span class='ocrx_word' id='word_1_176' title='bbox 126 2499 225 2557; x_wconf 81' lang='lat' dir='ltr'>titum.</span> <span class='ocrx_word' id='word_1_177' title='bbox 256 2491 259 2576; x_wconf 71' lang='grc'>1</span> <span class='ocrx_word' id='word_1_178' title='bbox 290 2495 387 2570; x_wconf 78' lang='lat' dir='ltr'>Qimm</span> <span class='ocrx_word' id='word_1_179' title='bbox 415 2497 452 2556; x_wconf 93' lang='lat' dir='ltr'>ob</span> <span class='ocrx_word' id='word_1_180' title='bbox 482 2514 602 2556; x_wconf 88' lang='lat' dir='ltr'>oausam</span> <span class='ocrx_word' id='word_1_181' title='bbox 633 2493 743 2572; x_wconf 83' lang='lat' dir='ltr'>partim</span> <span class='ocrx_word' id='word_1_182' title='bbox 766 2497 806 2554; x_wconf 80' lang='lat'>27</span> <span class='ocrx_word' id='word_1_183' title='bbox 829 2512 934 2554; x_wconf 86' lang='lat' dir='ltr'>versus</span> <span class='ocrx_word' id='word_1_184' title='bbox 957 2512 986 2551; x_wconf 86' lang='grc' dir='ltr'>α.</span> <span class='ocrx_word' id='word_1_185' title='bbox 1011 2496 1083 2554; x_wconf 91' lang='grc'><strong>366.</strong></span> <span class='ocrx_word' id='word_1_186' title='bbox 1107 2511 1171 2572; x_wconf 86' lang='lat' dir='ltr'>sqq.</span> <span class='ocrx_word' id='word_1_187' title='bbox 1182 2509 1233 2563; x_wconf 81' lang='lat'>276</span> 
     </span>
     <span class='ocr_line' id='line_1_21' title="bbox 9 2599 1173 2678; baseline -0.003 -17"><span class='ocrx_word' id='word_1_188' title='bbox 9 2669 10 2674; x_wconf 9' lang='grc' dir='ltr'>η</span> <span class='ocrx_word' id='word_1_189' title='bbox 126 2620 179 2678; x_wconf 91' lang='lat' dir='ltr'>pro</span> <span class='ocrx_word' id='word_1_190' title='bbox 201 2601 389 2678; x_wconf 84' lang='lat' dir='ltr'>interpolatis</span> <span class='ocrx_word' id='word_1_191' title='bbox 411 2601 505 2660; x_wconf 86' lang='lat' dir='ltr'>habiti</span> <span class='ocrx_word' id='word_1_192' title='bbox 521 2605 603 2678; x_wconf 86' lang='lat' dir='ltr'>sunt;</span> <span class='ocrx_word' id='word_1_193' title='bbox 627 2618 786 2678; x_wconf 88' lang='lat' dir='ltr'>perperam</span> <span class='ocrx_word' id='word_1_194' title='bbox 803 2617 873 2660; x_wconf 85' lang='lat' dir='ltr'>sane</span> <span class='ocrx_word' id='word_1_195' title='bbox 888 2599 947 2674; x_wconf 83' lang='lat' dir='ltr'>illi,</span> <span class='ocrx_word' id='word_1_196' title='bbox 970 2604 1004 2658; x_wconf 89' lang='lat' dir='ltr'>ut</span> <span class='ocrx_word' id='word_1_197' title='bbox 1018 2599 1070 2658; x_wconf 90' lang='lat' dir='ltr'>alii</span> <span class='ocrx_word' id='word_1_198' title='bbox 1084 2599 1173 2658; x_wconf 85' lang='lat' dir='ltr'>multi</span> 
     </span>
     <span class='ocr_line' id='line_1_22' title="bbox 8 2692 1172 2783; baseline -0.003 -17"><span class='ocrx_word' id='word_1_199' title='bbox 8 2771 9 2782; x_wconf 51' lang='lat'>,</span> <span class='ocrx_word' id='word_1_200' title='bbox 128 2707 264 2766; x_wconf 87' lang='lat' dir='ltr'>eiusdem</span> <span class='ocrx_word' id='word_1_201' title='bbox 285 2711 380 2766; x_wconf 88' lang='lat' dir='ltr'>notae.</span> <span class='ocrx_word' id='word_1_202' title='bbox 425 2705 532 2783; x_wconf 87' lang='lat' dir='ltr'>Neque</span> <span class='ocrx_word' id='word_1_203' title='bbox 554 2710 655 2765; x_wconf 85' lang='lat' dir='ltr'>tamen</span> <span class='ocrx_word' id='word_1_204' title='bbox 676 2692 801 2764; x_wconf 82' lang='lat' dir='ltr'>dubium</span> <span class='ocrx_word' id='word_1_205' title='bbox 824 2710 884 2780; x_wconf 89' lang='lat' dir='ltr'>est,</span> <span class='ocrx_word' id='word_1_206' title='bbox 913 2705 987 2782; x_wconf 87' lang='lat' dir='ltr'>quin</span> <span class='ocrx_word' id='word_1_207' title='bbox 1009 2703 1172 2764; x_wconf 83' lang='lat' dir='ltr'>similitudo</span> 
     </span>
     <span class='ocr_line' id='line_1_23' title="bbox 127 2810 1174 2890; baseline -0.003 -19.308"><span class='ocrx_word' id='word_1_208' title='bbox 127 2812 274 2890; x_wconf 83' lang='lat' dir='ltr'>quaedam</span> <span class='ocrx_word' id='word_1_209' title='bbox 306 2812 439 2871; x_wconf 88' lang='lat' dir='ltr'>looorum</span> <span class='ocrx_word' id='word_1_210' title='bbox 472 2811 625 2871; x_wconf 81' lang='lat' dir='ltr'>interdum</span> <span class='ocrx_word' id='word_1_211' title='bbox 660 2811 846 2871; x_wconf 79' lang='lat' dir='ltr'>occasionem</span> <span class='ocrx_word' id='word_1_212' title='bbox 882 2810 999 2870; x_wconf 87' lang='lat' dir='ltr'>dederit</span> <span class='ocrx_word' id='word_1_213' title='bbox 1036 2810 1174 2870; x_wconf 83' lang='lat' dir='ltr'>versibus</span> 
     </span>
     <span class='ocr_line' id='line_1_24' title="bbox 7 2887 1172 2994; baseline -0.002 -18"><span class='ocrx_word' id='word_1_214' title='bbox 7 2887 9 2912; x_wconf 55' lang='lat'>¹</span> <span class='ocrx_word' id='word_1_215' title='bbox 126 2919 228 2994; x_wconf 82' lang='lat' dir='ltr'>inepto</span> <span class='ocrx_word' id='word_1_216' title='bbox 251 2915 403 2976; x_wconf 85' lang='lat' dir='ltr'>iterandis.</span> <span class='ocrx_word' id='word_1_217' title='bbox 449 2915 510 2977; x_wconf 86' lang='lat' dir='ltr'>Sed</span> <span class='ocrx_word' id='word_1_218' title='bbox 530 2917 568 2976; x_wconf 91' lang='lat' dir='ltr'>de</span> <span class='ocrx_word' id='word_1_219' title='bbox 590 2916 638 2977; x_wconf 88' lang='lat' dir='ltr'>his</span> <span class='ocrx_word' id='word_1_220' title='bbox 666 2917 794 2994; x_wconf 88' lang='lat' dir='ltr'>aliisque</span> <span class='ocrx_word' id='word_1_221' title='bbox 817 2915 994 2992; x_wconf 78' lang='lat' dir='ltr'>diligentius</span> <span class='ocrx_word' id='word_1_222' title='bbox 1016 2915 1172 2993; x_wconf 85' lang='lat' dir='ltr'>disputabo</span> 
     </span>
     <span class='ocr_line' id='line_1_25' title="bbox 7 3003 1173 3099; baseline -0.003 -19"><span class='ocrx_word' id='word_1_223' title='bbox 7 3003 9 3012; x_wconf 43' lang='lat'>,</span> <span class='ocrx_word' id='word_1_224' title='bbox 127 3023 159 3080; x_wconf 92' lang='lat' dir='ltr'>in</span> <span class='ocrx_word' id='word_1_225' title='bbox 181 3021 276 3080; x_wconf 90' lang='lat' dir='ltr'>altera</span> <span class='ocrx_word' id='word_1_226' title='bbox 303 3025 388 3097; x_wconf 85' lang='lat' dir='ltr'>parte</span> <span class='ocrx_word' id='word_1_227' title='bbox 418 3022 508 3081; x_wconf 90' lang='lat' dir='ltr'>huius</span> <span class='ocrx_word' id='word_1_228' title='bbox 538 3022 621 3098; x_wconf 92' lang='lat' dir='ltr'>libri,</span> <span class='ocrx_word' id='word_1_229' title='bbox 652 3022 686 3081; x_wconf 91' lang='lat' dir='ltr'>in</span> <span class='ocrx_word' id='word_1_230' title='bbox 714 3039 773 3099; x_wconf 89' lang='lat' dir='ltr'>qua</span> <span class='ocrx_word' id='word_1_231' title='bbox 800 3020 871 3080; x_wconf 89' lang='lat' dir='ltr'>unei</span> <span class='ocrx_word' id='word_1_232' title='bbox 893 3020 968 3079; x_wconf 86' lang='lat' dir='ltr'>mihi</span> <span class='ocrx_word' id='word_1_233' title='bbox 988 3020 1049 3080; x_wconf 88' lang='lat' dir='ltr'>mei</span> <span class='ocrx_word' id='word_1_234' title='bbox 1072 3019 1173 3079; x_wconf 84' lang='lat' dir='ltr'>defen·</span> 
     </span>
     <span class='ocr_line' id='line_1_26' title="bbox 7 3111 337 3186; baseline -0.006 0"><span class='ocrx_word' id='word_1_235' title='bbox 7 3111 9 3170; x_wconf 79' lang='grc' dir='ltr'>ἷ</span> <span class='ocrx_word' id='word_1_236' title='bbox 128 3126 219 3186; x_wconf 89' lang='lat' dir='ltr'>dendi</span> <span class='ocrx_word' id='word_1_237' title='bbox 241 3131 337 3186; x_wconf 83' lang='lat' dir='ltr'>emmt</span> 
     </span>
    </p>
   </div>
   <div class='ocr_carea' id='block_1_3' title="bbox 216 3403 572 3473">
    <p class='ocr_par' dir='ltr' id='par_1_6' title="bbox 216 3403 572 3473">
     <span class='ocr_line' id='line_1_27' title="bbox 216 3403 572 3473; baseline -0.017 -15"><span class='ocrx_word' id='word_1_238' title='bbox 216 3403 261 3471; x_wconf 86' lang='grc'>61)</span> <span class='ocrx_word' id='word_1_239' title='bbox 280 3403 352 3456; x_wconf 87' lang='lat' dir='ltr'>Vide</span> <span class='ocrx_word' id='word_1_240' title='bbox 371 3419 454 3471; x_wconf 85' lang='lat' dir='ltr'>supra</span> <span class='ocrx_word' id='word_1_241' title='bbox 469 3421 495 3473; x_wconf 92' lang='lat' dir='ltr'>p.</span> <span class='ocrx_word' id='word_1_242' title='bbox 514 3403 572 3458; x_wconf 92' lang='grc'><strong>130.</strong></span> 
     </span>
    </p>
   </div>
   <div class='ocr_carea' id='block_1_4' title="bbox 130 3503 1174 3856">
    <p class='ocr_par' dir='ltr' id='par_1_7' title="bbox 130 3503 1174 3663">
     <span class='ocr_line' id='line_1_28' title="bbox 215 3503 1174 3574; baseline -0.005 -14"><span class='ocrx_word' id='word_1_243' title='bbox 215 3504 262 3574; x_wconf 86' lang='grc'>62)</span> <span class='ocrx_word' id='word_1_244' title='bbox 292 3509 441 3573; x_wconf 82' lang='grc' dir='ltr'><em>Μεμείωκε</em></span> <span class='ocrx_word' id='word_1_245' title='bbox 467 3505 516 3569; x_wconf 79' lang='grc' dir='ltr'>τὴν</span> <span class='ocrx_word' id='word_1_246' title='bbox 543 3505 676 3574; x_wconf 78' lang='grc' dir='ltr'><strong><em>ἔμφασιν.</em></strong></span> <span class='ocrx_word' id='word_1_247' title='bbox 724 3505 791 3556; x_wconf 81' lang='grc' dir='ltr'>Καὶ</span> <span class='ocrx_word' id='word_1_248' title='bbox 819 3503 857 3556; x_wconf 84' lang='grc' dir='ltr'>τὰ</span> <span class='ocrx_word' id='word_1_249' title='bbox 883 3503 1024 3556; x_wconf 83' lang='grc' dir='ltr'><strong><em>τοιαῦτα</em></strong></span> <span class='ocrx_word' id='word_1_250' title='bbox 1050 3504 1174 3555; x_wconf 83' lang='grc' dir='ltr'><em>εἴωθεν</em></span> 
     </span>
     <span class='ocr_line' id='line_1_29' title="bbox 130 3588 544 3663; baseline -0.005 -17"><span class='ocrx_word' id='word_1_251' title='bbox 130 3595 269 3648; x_wconf 78' lang='grc' dir='ltr'><em>ἀθετεῖν</em></span> <span class='ocrx_word' id='word_1_252' title='bbox 289 3588 544 3663; x_wconf 82' lang='grc' dir='ltr'>ὁἈρίσταρχος.</span> 
     </span>
    </p>

    <p class='ocr_par' dir='ltr' id='par_1_8' title="bbox 131 3689 1173 3856">
     <span class='ocr_line' id='line_1_30' title="bbox 217 3689 1173 3763; baseline -0.003 -14"><span class='ocrx_word' id='word_1_253' title='bbox 217 3694 255 3763; x_wconf 88' lang='grc'>[*)</span> <span class='ocrx_word' id='word_1_254' title='bbox 276 3694 314 3749; x_wconf 79' lang='lat' dir='ltr'>of.</span> <span class='ocrx_word' id='word_1_255' title='bbox 334 3711 407 3748; x_wconf 86' lang='lat' dir='ltr'>nune</span> <span class='ocrx_word' id='word_1_256' title='bbox 424 3693 453 3746; x_wconf 92' lang='lat' dir='ltr'>in</span> <span class='ocrx_word' id='word_1_257' title='bbox 467 3693 566 3748; x_wconf 84' lang='lat' dir='ltr'>Soholl.</span> <span class='ocrx_word' id='word_1_258' title='bbox 581 3693 714 3747; x_wconf 90' lang='lat' dir='ltr'>Dindorfii</span> <span class='ocrx_word' id='word_1_259' title='bbox 733 3713 757 3747; x_wconf 87' lang='grc' dir='ltr'>α.</span> <span class='ocrx_word' id='word_1_260' title='bbox 771 3694 831 3748; x_wconf 88' lang='grc'><strong>356.</strong></span> <span class='ocrx_word' id='word_1_261' title='bbox 849 3693 945 3760; x_wconf 78' lang='lat' dir='ltr'>p.134.</span> <span class='ocrx_word' id='word_1_262' title='bbox 964 3689 991 3744; x_wconf 75' lang='grc' dir='ltr'>δζ</span> <span class='ocrx_word' id='word_1_263' title='bbox 1004 3690 1062 3744; x_wconf 84' lang='grc'><strong>192.</strong></span> <span class='ocrx_word' id='word_1_264' title='bbox 1082 3690 1173 3746; x_wconf 81' lang='grc'>285-</span> 
     </span>
     <span class='ocr_line' id='line_1_31' title="bbox 131 3779 1119 3856; baseline -0.006 -20"><span class='ocrx_word' id='word_1_265' title='bbox 131 3782 190 3838; x_wconf 82' lang='grc'><strong>289.</strong></span> <span class='ocrx_word' id='word_1_266' title='bbox 215 3803 242 3854; x_wconf 80' lang='grc' dir='ltr'>γ.</span> <span class='ocrx_word' id='word_1_267' title='bbox 261 3783 399 3836; x_wconf 82' lang='grc'><strong>244-45.</strong></span> <span class='ocrx_word' id='word_1_268' title='bbox 424 3784 447 3836; x_wconf 77' lang='lat' dir='ltr'>l.</span> <span class='ocrx_word' id='word_1_269' title='bbox 466 3783 525 3837; x_wconf 80' lang='lat'><strong>547.</strong></span> <span class='ocrx_word' id='word_1_270' title='bbox 554 3802 577 3856; x_wconf 86' lang='grc' dir='ltr'>ρ.</span> <span class='ocrx_word' id='word_1_271' title='bbox 596 3781 717 3836; x_wconf 84' lang='grc'><strong>501-4.</strong></span> <span class='ocrx_word' id='word_1_272' title='bbox 743 3795 767 3833; x_wconf 92' lang='grc' dir='ltr'>σ.</span> <span class='ocrx_word' id='word_1_273' title='bbox 787 3781 846 3835; x_wconf 83' lang='grc'>229.</span> <span class='ocrx_word' id='word_1_274' title='bbox 872 3790 903 3848; x_wconf 84' lang='grc' dir='ltr'>ψ.</span> <span class='ocrx_word' id='word_1_275' title='bbox 923 3779 1060 3834; x_wconf 88' lang='grc'><strong>310-43.</strong></span> <span class='ocrx_word' id='word_1_276' title='bbox 1079 3779 1119 3848; x_wconf 74' lang='lat' dir='ltr'>oa]</span> 
     </span>
    </p>
   </div>
   <div class='ocr_carea' id='block_1_5' title="bbox 0 0 1497 4580">
    <p class='ocr_par' dir='ltr' id='par_1_9' title="bbox 0 0 1497 4580">
     <span class='ocr_line' id='line_1_32' title="bbox 0 0 1497 4580; baseline 0 0"><span class='ocrx_word' id='word_1_277' title='bbox 0 0 1497 4580; x_wconf 95' lang='lat' dir='ltr'> </span> 
     </span>
    </p>
   </div>
  </div>
 </body>
</html>
