<?xml version="1.0" encoding="UTF-8"?>
<!DOCTYPE html PUBLIC "-//W3C//DTD XHTML 1.0 Transitional//EN"
    "http://www.w3.org/TR/xhtml1/DTD/xhtml1-transitional.dtd">
<html xmlns="http://www.w3.org/1999/xhtml" xml:lang="en" lang="en">
 <head>
  <title>
</title>
<meta http-equiv="Content-Type" content="text/html;charset=utf-8" />
  <meta name='ocr-system' content='tesseract 3.04.00' />
  <meta name='ocr-capabilities' content='ocr_page ocr_carea ocr_par ocr_line ocrx_word'/>
</head>
<body>
  <div class='ocr_page' id='page_1' title='image "./prolegomenaadho05wolfgoog/prolegomenaadho05wolfgoog_0057.png"; bbox 0 0 3048 4588; ppageno 0'>
   <div class='ocr_carea' id='block_1_1' title="bbox 578 328 1181 383">
    <p class='ocr_par' dir='ltr' id='par_1_1' title="bbox 578 328 1181 383">
     <span class='ocr_line' id='line_1_1' title="bbox 578 328 1181 383; baseline 0 -12"><span class='ocrx_word' id='word_1_1' title='bbox 578 328 742 381; x_wconf 72' lang='lat' dir='ltr'>Prolegomena.</span> <span class='ocrx_word' id='word_1_2' title='bbox 796 359 798 364; x_wconf 85' lang='lat'>.</span> <span class='ocrx_word' id='word_1_3' title='bbox 1148 331 1181 383; x_wconf 85' lang='lat'>41</span> 
     </span>
    </p>
   </div>
   <div class='ocr_carea' id='block_1_2' title="bbox 142 482 1228 592">
    <p class='ocr_par' dir='ltr' id='par_1_2' title="bbox 142 482 1228 592">
     <span class='ocr_line' id='line_1_2' title="bbox 142 482 1228 592; baseline 0.004 -22"><span class='ocrx_word' id='word_1_4' title='bbox 142 503 354 592; x_wconf 55' lang='lat' dir='ltr'>significatu).</span> <span class='ocrx_word' id='word_1_5' title='bbox 380 504 384 592; x_wconf 65' lang='lat' dir='ltr'>t</span> <span class='ocrx_word' id='word_1_6' title='bbox 414 509 483 570; x_wconf 84' lang='lat' dir='ltr'>Non</span> <span class='ocrx_word' id='word_1_7' title='bbox 512 512 660 588; x_wconf 87' lang='lat' dir='ltr'>potuisset</span> <span class='ocrx_word' id='word_1_8' title='bbox 685 512 782 587; x_wconf 80' lang='lat' dir='ltr'>magis</span> <span class='ocrx_word' id='word_1_9' title='bbox 811 512 961 588; x_wconf 83' lang='lat' dir='ltr'>ingenue3</span> <span class='ocrx_word' id='word_1_10' title='bbox 982 482 1094 590; x_wconf 38' lang='lat' dir='ltr'>&#39;neque</span> <span class='ocrx_word' id='word_1_11' title='bbox 1131 531 1184 588; x_wconf 88' lang='lat' dir='ltr'>par</span> <span class='ocrx_word' id='word_1_12' title='bbox 1193 521 1228 576; x_wconf 82' lang='lat'>54</span> 
     </span>
    </p>
   </div>
   <div class='ocr_carea' id='block_1_3' title="bbox 71 615 1186 1115">
    <p class='ocr_par' dir='ltr' id='par_1_3' title="bbox 71 615 1186 1115">
     <span class='ocr_line' id='line_1_3' title="bbox 140 615 1185 694; baseline 0.004 -20"><span class='ocrx_word' id='word_1_13' title='bbox 140 615 274 691; x_wconf 84' lang='lat' dir='ltr'>putanda</span> <span class='ocrx_word' id='word_1_14' title='bbox 300 619 347 674; x_wconf 88' lang='lat' dir='ltr'>est</span> <span class='ocrx_word' id='word_1_15' title='bbox 368 615 456 692; x_wconf 90' lang='lat' dir='ltr'>culpa</span> <span class='ocrx_word' id='word_1_16' title='bbox 478 633 595 691; x_wconf 89' lang='lat' dir='ltr'>eorum,</span> <span class='ocrx_word' id='word_1_17' title='bbox 630 616 682 694; x_wconf 86' lang='lat' dir='ltr'>qui</span> <span class='ocrx_word' id='word_1_18' title='bbox 711 616 803 677; x_wconf 86' lang='lat' dir='ltr'>talem</span> <span class='ocrx_word' id='word_1_19' title='bbox 835 635 985 677; x_wconf 85' lang='lat' dir='ltr'>rumorem</span> <span class='ocrx_word' id='word_1_20' title='bbox 1017 635 1071 694; x_wconf 90' lang='lat' dir='ltr'>pro</span> <span class='ocrx_word' id='word_1_21' title='bbox 1104 621 1185 678; x_wconf 83' lang='lat' dir='ltr'>certo</span> 
     </span>
     <span class='ocr_line' id='line_1_4' title="bbox 71 719 1185 797; baseline 0.003 -19"><span class='ocrx_word' id='word_1_22' title='bbox 71 779 76 790; x_wconf 83' lang='grc'><em>,</em></span> <span class='ocrx_word' id='word_1_23' title='bbox 140 719 274 796; x_wconf 81' lang='lat' dir='ltr'><strong>amplexi</strong></span> <span class='ocrx_word' id='word_1_24' title='bbox 297 724 383 795; x_wconf 88' lang='lat' dir='ltr'>sunt,</span> <span class='ocrx_word' id='word_1_25' title='bbox 415 725 504 797; x_wconf 85' lang='lat' dir='ltr'>atque</span> <span class='ocrx_word' id='word_1_26' title='bbox 535 720 632 796; x_wconf 90' lang='lat' dir='ltr'>ipsius</span> <span class='ocrx_word' id='word_1_27' title='bbox 663 721 813 796; x_wconf 80' lang='lat' dir='ltr'>historici,</span> <span class='ocrx_word' id='word_1_28' title='bbox 848 722 875 782; x_wconf 92' lang='lat' dir='ltr'>si</span> <span class='ocrx_word' id='word_1_29' title='bbox 906 723 987 782; x_wconf 91' lang='lat' dir='ltr'>hunc</span> <span class='ocrx_word' id='word_1_30' title='bbox 1014 722 1089 782; x_wconf 81' lang='lat' dir='ltr'>forte</span> <span class='ocrx_word' id='word_1_31' title='bbox 1111 723 1185 782; x_wconf 84' lang='lat' dir='ltr'>ratio</span> 
     </span>
     <span class='ocr_line' id='line_1_5' title="bbox 140 823 1186 902; baseline 0.004 -20"><span class='ocrx_word' id='word_1_32' title='bbox 140 823 264 899; x_wconf 85' lang='lat' dir='ltr'>fefellit,</span> <span class='ocrx_word' id='word_1_33' title='bbox 293 824 373 902; x_wconf 86' lang='lat' dir='ltr'>quod</span> <span class='ocrx_word' id='word_1_34' title='bbox 395 825 441 884; x_wconf 91' lang='lat' dir='ltr'>illi</span> <span class='ocrx_word' id='word_1_35' title='bbox 471 830 502 885; x_wconf 91' lang='lat' dir='ltr'>et</span> <span class='ocrx_word' id='word_1_36' title='bbox 520 825 592 885; x_wconf 87' lang='lat' dir='ltr'>alibi</span> <span class='ocrx_word' id='word_1_37' title='bbox 614 826 737 900; x_wconf 86' lang='lat' dir='ltr'>accidit,</span> <span class='ocrx_word' id='word_1_38' title='bbox 768 831 800 886; x_wconf 93' lang='lat' dir='ltr'>et</span> <span class='ocrx_word' id='word_1_39' title='bbox 828 826 862 884; x_wconf 90' lang='lat' dir='ltr'>iu</span> <span class='ocrx_word' id='word_1_40' title='bbox 883 831 953 886; x_wconf 90' lang='lat' dir='ltr'>nota</span> <span class='ocrx_word' id='word_1_41' title='bbox 979 827 1129 886; x_wconf 87' lang='lat' dir='ltr'>sententia</span> <span class='ocrx_word' id='word_1_42' title='bbox 1148 827 1186 886; x_wconf 95' lang='lat' dir='ltr'>de</span> 
     </span>
     <span class='ocr_line' id='line_1_6' title="bbox 140 928 1186 1007; baseline 0.002 -19"><span class='ocrx_word' id='word_1_43' title='bbox 140 928 270 989; x_wconf 79' lang='lat' dir='ltr'>Homero</span> <span class='ocrx_word' id='word_1_44' title='bbox 292 934 325 990; x_wconf 93' lang='lat' dir='ltr'>et</span> <span class='ocrx_word' id='word_1_45' title='bbox 345 928 491 1006; x_wconf 78' lang='lat' dir='ltr'>Hesiodo,</span> <span class='ocrx_word' id='word_1_46' title='bbox 523 931 628 1007; x_wconf 89' lang='lat' dir='ltr'>primis</span> <span class='ocrx_word' id='word_1_47' title='bbox 662 930 865 991; x_wconf 75' lang='lat' dir='ltr'>conditoribus</span> <span class='ocrx_word' id='word_1_48' title='bbox 898 931 1073 1006; x_wconf 76' lang='lat' dir='ltr'>theogoniae</span> <span class='ocrx_word' id='word_1_49' title='bbox 1096 929 1186 990; x_wconf 79' lang='lat' dir='ltr'>Grae-</span> 
     </span>
     <span class='ocr_line' id='line_1_7' title="bbox 140 1029 1185 1115; baseline 0.002 -23"><span class='ocrx_word' id='word_1_50' title='bbox 140 1051 192 1093; x_wconf 89' lang='lat' dir='ltr'>cae</span> <span class='ocrx_word' id='word_1_51' title='bbox 206 1029 258 1115; x_wconf 78' lang='lat'>¹⁷).</span> <span class='ocrx_word' id='word_1_52' title='bbox 303 1034 407 1112; x_wconf 84' lang='lat' dir='ltr'>Itaque</span> <span class='ocrx_word' id='word_1_53' title='bbox 423 1035 489 1112; x_wconf 89' lang='lat' dir='ltr'>ipse</span> <span class='ocrx_word' id='word_1_54' title='bbox 503 1034 672 1096; x_wconf 88' lang='lat' dir='ltr'>Herodotus</span> <span class='ocrx_word' id='word_1_55' title='bbox 694 1041 795 1111; x_wconf 82' lang='lat' dir='ltr'>cavet,</span> <span class='ocrx_word' id='word_1_56' title='bbox 818 1055 857 1096; x_wconf 91' lang='lat' dir='ltr'>ne</span> <span class='ocrx_word' id='word_1_57' title='bbox 878 1037 928 1096; x_wconf 88' lang='lat' dir='ltr'>oui</span> <span class='ocrx_word' id='word_1_58' title='bbox 943 1036 1106 1111; x_wconf 83' lang='lat' dir='ltr'>mythicam</span> <span class='ocrx_word' id='word_1_59' title='bbox 1121 1054 1185 1096; x_wconf 89' lang='lat' dir='ltr'>rem</span> 
     </span>
    </p>
   </div>
   <div class='ocr_carea' id='block_1_4' title="bbox 140 1195 1187 3869">
    <p class='ocr_par' dir='ltr' id='par_1_4' title="bbox 140 1195 1187 3275">
     <span class='ocr_line' id='line_1_8' title="bbox 229 1195 1185 1268; baseline -0.001 -19"><span class='ocrx_word' id='word_1_60' title='bbox 229 1196 274 1263; x_wconf 88' lang='lat'>16)</span> <span class='ocrx_word' id='word_1_61' title='bbox 294 1195 327 1249; x_wconf 83' lang='lat' dir='ltr'>V.</span> <span class='ocrx_word' id='word_1_62' title='bbox 347 1195 388 1251; x_wconf 87' lang='lat'>58.</span> <span class='ocrx_word' id='word_1_63' title='bbox 418 1199 453 1250; x_wconf 76' lang='grc' dir='ltr'>Οἱ</span> <span class='ocrx_word' id='word_1_64' title='bbox 475 1200 605 1257; x_wconf 78' lang='grc' dir='ltr'><em>Φοίνικες</em></span> <span class='ocrx_word' id='word_1_65' title='bbox 627 1197 656 1250; x_wconf 81' lang='grc' dir='ltr'>οἱ</span> <span class='ocrx_word' id='word_1_66' title='bbox 673 1197 725 1251; x_wconf 71' lang='grc' dir='ltr'>σὺν</span> <span class='ocrx_word' id='word_1_67' title='bbox 746 1198 857 1268; x_wconf 75' lang='grc' dir='ltr'><em>Κάδμῳ</em></span> <span class='ocrx_word' id='word_1_68' title='bbox 881 1197 1099 1266; x_wconf 81' lang='grc' dir='ltr'><em>ἀπικόμενοι-</em></span> <span class='ocrx_word' id='word_1_69' title='bbox 1118 1197 1185 1248; x_wconf 76' lang='grc' dir='ltr'><em>ἄλλοι</em></span> 
     </span>
     <span class='ocr_line' id='line_1_9' title="bbox 140 1283 1187 1355; baseline -0.001 -18"><span class='ocrx_word' id='word_1_70' title='bbox 140 1302 170 1337; x_wconf 79' lang='grc' dir='ltr'>τε</span> <span class='ocrx_word' id='word_1_71' title='bbox 189 1283 294 1346; x_wconf 77' lang='grc' dir='ltr'><em>πολλὰ,</em></span> <span class='ocrx_word' id='word_1_72' title='bbox 320 1285 478 1350; x_wconf 80' lang='grc' dir='ltr'><em>οῗκήσοντες</em></span> <span class='ocrx_word' id='word_1_73' title='bbox 496 1285 599 1351; x_wconf 81' lang='grc' dir='ltr'><em>ταύτην</em></span> <span class='ocrx_word' id='word_1_74' title='bbox 622 1284 672 1350; x_wconf 76' lang='grc' dir='ltr'>τὴν</span> <span class='ocrx_word' id='word_1_75' title='bbox 686 1285 793 1354; x_wconf 80' lang='grc' dir='ltr'><em>χώρην,</em></span> <span class='ocrx_word' id='word_1_76' title='bbox 819 1285 954 1355; x_wconf 73' lang='grc' dir='ltr'><em>ἰςὴγονον</em></span> <span class='ocrx_word' id='word_1_77' title='bbox 973 1284 1140 1338; x_wconf 73' lang='grc' dir='ltr'><em>διδασκάλια</em></span> <span class='ocrx_word' id='word_1_78' title='bbox 1159 1285 1187 1343; x_wconf 69' lang='grc' dir='ltr'>ἐς</span> 
     </span>
     <span class='ocr_line' id='line_1_10' title="bbox 141 1365 1185 1446; baseline -0.001 -23"><span class='ocrx_word' id='word_1_79' title='bbox 141 1371 204 1431; x_wconf 79' lang='grc' dir='ltr'><em>τοὺς</em></span> <span class='ocrx_word' id='word_1_80' title='bbox 216 1365 361 1438; x_wconf 79' lang='grc' dir='ltr'><em>Ἓλληνας,</em></span> <span class='ocrx_word' id='word_1_81' title='bbox 380 1374 427 1424; x_wconf 68' lang='grc' dir='ltr'>καὶ</span> <span class='ocrx_word' id='word_1_82' title='bbox 446 1371 481 1437; x_wconf 77' lang='grc' dir='ltr'>δὴ</span> <span class='ocrx_word' id='word_1_83' title='bbox 498 1374 544 1424; x_wconf 82' lang='grc' dir='ltr'>καὶ</span> <span class='ocrx_word' id='word_1_84' title='bbox 555 1373 722 1442; x_wconf 75' lang='grc' dir='ltr'><em>γράμματα,</em></span> <span class='ocrx_word' id='word_1_85' title='bbox 740 1372 798 1424; x_wconf 83' lang='grc' dir='ltr'>οὐκ</span> <span class='ocrx_word' id='word_1_86' title='bbox 817 1371 918 1425; x_wconf 68' lang='grc' dir='ltr'><em>ἐόντα</em></span> <span class='ocrx_word' id='word_1_87' title='bbox 937 1374 1022 1446; x_wconf 84' lang='grc' dir='ltr'><em>πρὶν</em></span> <span class='ocrx_word' id='word_1_88' title='bbox 1035 1365 1185 1438; x_wconf 77' lang='grc' dir='ltr'><strong><em>Ἕλλησι,</em></strong></span> 
     </span>
     <span class='ocr_line' id='line_1_11' title="bbox 142 1457 1186 1524; baseline 0.002 -14"><span class='ocrx_word' id='word_1_89' title='bbox 142 1459 183 1518; x_wconf 82' lang='grc' dir='ltr'>ὡς</span> <span class='ocrx_word' id='word_1_90' title='bbox 201 1459 284 1524; x_wconf 71' lang='grc' dir='ltr'>ἐμοὶ</span> <span class='ocrx_word' id='word_1_91' title='bbox 303 1458 439 1512; x_wconf 76' lang='grc' dir='ltr'><em>δοκέειν</em></span> <span class='ocrx_word' id='word_1_92' title='bbox 456 1478 479 1513; x_wconf 82' lang='grc' dir='ltr'>κ.</span> <span class='ocrx_word' id='word_1_93' title='bbox 498 1478 521 1514; x_wconf 87' lang='grc' dir='ltr'>τ.</span> <span class='ocrx_word' id='word_1_94' title='bbox 539 1461 562 1513; x_wconf 80' lang='grc' dir='ltr'>λ,</span> <span class='ocrx_word' id='word_1_95' title='bbox 598 1459 701 1514; x_wconf 77' lang='lat' dir='ltr'>Exhis</span> <span class='ocrx_word' id='word_1_96' title='bbox 720 1458 823 1514; x_wconf 75' lang='lat' dir='ltr'>clarum</span> <span class='ocrx_word' id='word_1_97' title='bbox 841 1460 895 1520; x_wconf 75' lang='lat' dir='ltr'>est,</span> <span class='ocrx_word' id='word_1_98' title='bbox 919 1457 1086 1515; x_wconf 83' lang='lat' dir='ltr'>Herodotum</span> <span class='ocrx_word' id='word_1_99' title='bbox 1114 1458 1186 1512; x_wconf 88' lang='lat' dir='ltr'>diiu-</span> 
     </span>
     <span class='ocr_line' id='line_1_12' title="bbox 141 1545 1186 1616; baseline 0.001 -17"><span class='ocrx_word' id='word_1_100' title='bbox 141 1545 232 1600; x_wconf 82' lang='lat' dir='ltr'>dicare</span> <span class='ocrx_word' id='word_1_101' title='bbox 251 1546 399 1614; x_wconf 85' lang='lat' dir='ltr'>intereos,</span> <span class='ocrx_word' id='word_1_102' title='bbox 427 1547 474 1615; x_wconf 89' lang='lat' dir='ltr'>qui</span> <span class='ocrx_word' id='word_1_103' title='bbox 492 1563 551 1600; x_wconf 86' lang='lat' dir='ltr'>rem</span> <span class='ocrx_word' id='word_1_104' title='bbox 567 1546 667 1601; x_wconf 88' lang='lat' dir='ltr'>Cadmo</span> <span class='ocrx_word' id='word_1_105' title='bbox 694 1546 875 1616; x_wconf 82' lang='lat' dir='ltr'>antiquiorem</span> <span class='ocrx_word' id='word_1_106' title='bbox 897 1547 1041 1615; x_wconf 87' lang='lat' dir='ltr'>putabant,</span> <span class='ocrx_word' id='word_1_107' title='bbox 1070 1548 1098 1599; x_wconf 89' lang='lat' dir='ltr'>et</span> <span class='ocrx_word' id='word_1_108' title='bbox 1115 1545 1186 1600; x_wconf 88' lang='lat' dir='ltr'>inter</span> 
     </span>
     <span class='ocr_line' id='line_1_13' title="bbox 141 1633 1186 1704; baseline 0 -16"><span class='ocrx_word' id='word_1_109' title='bbox 141 1649 200 1701; x_wconf 90' lang='lat' dir='ltr'>eos,</span> <span class='ocrx_word' id='word_1_110' title='bbox 228 1633 275 1702; x_wconf 86' lang='lat' dir='ltr'>qui</span> <span class='ocrx_word' id='word_1_111' title='bbox 302 1633 335 1687; x_wconf 89' lang='lat' dir='ltr'>ab</span> <span class='ocrx_word' id='word_1_112' title='bbox 361 1633 409 1687; x_wconf 91' lang='lat' dir='ltr'>illo</span> <span class='ocrx_word' id='word_1_113' title='bbox 427 1634 559 1703; x_wconf 87' lang='lat' dir='ltr'>putabant</span> <span class='ocrx_word' id='word_1_114' title='bbox 574 1633 719 1688; x_wconf 80' lang='lat' dir='ltr'>invectam.</span> <span class='ocrx_word' id='word_1_115' title='bbox 756 1633 809 1689; x_wconf 85' lang='lat' dir='ltr'>Sed</span> <span class='ocrx_word' id='word_1_116' title='bbox 831 1635 861 1686; x_wconf 87' lang='lat' dir='ltr'>in</span> <span class='ocrx_word' id='word_1_117' title='bbox 880 1635 993 1688; x_wconf 89' lang='lat' dir='ltr'>eandem</span> <span class='ocrx_word' id='word_1_118' title='bbox 1009 1634 1079 1688; x_wconf 90' lang='lat' dir='ltr'>hanc</span> <span class='ocrx_word' id='word_1_119' title='bbox 1096 1636 1186 1704; x_wconf 85' lang='lat' dir='ltr'>poste-</span> 
     </span>
     <span class='ocr_line' id='line_1_14' title="bbox 141 1719 1185 1790; baseline 0 -16"><span class='ocrx_word' id='word_1_120' title='bbox 141 1721 240 1775; x_wconf 91' lang='lat' dir='ltr'>riorem</span> <span class='ocrx_word' id='word_1_121' title='bbox 267 1719 421 1788; x_wconf 87' lang='lat' dir='ltr'>opinionem</span> <span class='ocrx_word' id='word_1_122' title='bbox 446 1720 614 1774; x_wconf 90' lang='lat' dir='ltr'>Herodotum</span> <span class='ocrx_word' id='word_1_123' title='bbox 642 1721 728 1775; x_wconf 83' lang='lat' dir='ltr'>trahit</span> <span class='ocrx_word' id='word_1_124' title='bbox 752 1721 919 1789; x_wconf 87' lang='lat' dir='ltr'>Larcherus,</span> <span class='ocrx_word' id='word_1_125' title='bbox 951 1721 1054 1790; x_wconf 81' lang='lat' dir='ltr'>aliquot</span> <span class='ocrx_word' id='word_1_126' title='bbox 1080 1723 1185 1775; x_wconf 85' lang='lat' dir='ltr'>tantum</span> 
     </span>
     <span class='ocr_line' id='line_1_15' title="bbox 140 1807 1185 1882; baseline 0.001 -21"><span class='ocrx_word' id='word_1_127' title='bbox 140 1807 245 1862; x_wconf 88' lang='lat' dir='ltr'>litteras</span> <span class='ocrx_word' id='word_1_128' title='bbox 257 1825 281 1882; x_wconf 80' lang='lat' dir='ltr'>a</span> <span class='ocrx_word' id='word_1_129' title='bbox 298 1807 398 1862; x_wconf 80' lang='lat' dir='ltr'>Cadmo</span> <span class='ocrx_word' id='word_1_130' title='bbox 414 1809 538 1862; x_wconf 86' lang='lat' dir='ltr'>invectas</span> <span class='ocrx_word' id='word_1_131' title='bbox 556 1808 628 1862; x_wconf 87' lang='lat' dir='ltr'>tradi</span> <span class='ocrx_word' id='word_1_132' title='bbox 648 1810 747 1877; x_wconf 86' lang='lat' dir='ltr'>putans</span> <span class='ocrx_word' id='word_1_133' title='bbox 765 1810 875 1877; x_wconf 88' lang='lat' dir='ltr'>propter</span> <span class='ocrx_word' id='word_1_134' title='bbox 893 1807 1037 1862; x_wconf 82' lang='lat' dir='ltr'>articulum</span> <span class='ocrx_word' id='word_1_135' title='bbox 1055 1807 1185 1862; x_wconf 88' lang='lat' dir='ltr'>omissum</span> 
     </span>
     <span class='ocr_line' id='line_1_16' title="bbox 141 1894 1186 1965; baseline 0 -16"><span class='ocrx_word' id='word_1_136' title='bbox 141 1895 202 1949; x_wconf 83' lang='lat' dir='ltr'>aute</span> <span class='ocrx_word' id='word_1_137' title='bbox 220 1896 382 1965; x_wconf 76' lang='grc' dir='ltr'><em>γράμματα.</em></span> <span class='ocrx_word' id='word_1_138' title='bbox 419 1894 497 1961; x_wconf 79' lang='lat' dir='ltr'>Quod</span> <span class='ocrx_word' id='word_1_139' title='bbox 516 1911 532 1949; x_wconf 86' lang='lat' dir='ltr'>a</span> <span class='ocrx_word' id='word_1_140' title='bbox 549 1894 758 1965; x_wconf 85' lang='lat' dir='ltr'>diligentissimo</span> <span class='ocrx_word' id='word_1_141' title='bbox 776 1896 835 1951; x_wconf 85' lang='lat' dir='ltr'>viro</span> <span class='ocrx_word' id='word_1_142' title='bbox 854 1895 957 1949; x_wconf 89' lang='lat' dir='ltr'>dictum</span> <span class='ocrx_word' id='word_1_143' title='bbox 975 1895 1083 1950; x_wconf 90' lang='lat' dir='ltr'>nollem.</span> <span class='ocrx_word' id='word_1_144' title='bbox 1115 1895 1186 1949; x_wconf 89' lang='lat' dir='ltr'>Nam</span> 
     </span>
     <span class='ocr_line' id='line_1_17' title="bbox 140 1981 1186 2052; baseline 0 -17"><span class='ocrx_word' id='word_1_145' title='bbox 140 1981 263 2052; x_wconf 83' lang='lat' dir='ltr'>legitima</span> <span class='ocrx_word' id='word_1_146' title='bbox 280 1982 334 2036; x_wconf 83' lang='lat' dir='ltr'>ista</span> <span class='ocrx_word' id='word_1_147' title='bbox 352 1984 394 2036; x_wconf 88' lang='lat' dir='ltr'>est</span> <span class='ocrx_word' id='word_1_148' title='bbox 411 1982 523 2036; x_wconf 89' lang='lat' dir='ltr'>omissio</span> <span class='ocrx_word' id='word_1_149' title='bbox 540 1982 570 2035; x_wconf 86' lang='lat' dir='ltr'>in</span> <span class='ocrx_word' id='word_1_150' title='bbox 590 1999 621 2036; x_wconf 93' lang='lat' dir='ltr'>eo</span> <span class='ocrx_word' id='word_1_151' title='bbox 639 1998 735 2051; x_wconf 90' lang='lat' dir='ltr'>sensu,</span> <span class='ocrx_word' id='word_1_152' title='bbox 759 1999 840 2052; x_wconf 89' lang='lat' dir='ltr'>quem</span> <span class='ocrx_word' id='word_1_153' title='bbox 859 1983 1010 2052; x_wconf 75' lang='lat' dir='ltr'>sequimur,</span> <span class='ocrx_word' id='word_1_154' title='bbox 1027 1982 1118 2050; x_wconf 87' lang='lat' dir='ltr'>illum,</span> <span class='ocrx_word' id='word_1_155' title='bbox 1139 1982 1186 2052; x_wconf 89' lang='lat' dir='ltr'>qui</span> 
     </span>
     <span class='ocr_line' id='line_1_18' title="bbox 140 2067 1186 2138; baseline 0 -15"><span class='ocrx_word' id='word_1_156' title='bbox 140 2067 276 2123; x_wconf 85' lang='lat' dir='ltr'>Larchero</span> <span class='ocrx_word' id='word_1_157' title='bbox 295 2068 395 2138; x_wconf 78' lang='lat' dir='ltr'>placet,</span> <span class='ocrx_word' id='word_1_158' title='bbox 419 2069 532 2123; x_wconf 81' lang='lat' dir='ltr'>inferret</span> <span class='ocrx_word' id='word_1_159' title='bbox 556 2070 665 2123; x_wconf 91' lang='lat' dir='ltr'>demum</span> <span class='ocrx_word' id='word_1_160' title='bbox 690 2069 805 2125; x_wconf 88' lang='lat' dir='ltr'>adiectio</span> <span class='ocrx_word' id='word_1_161' title='bbox 824 2068 941 2124; x_wconf 80' lang='lat' dir='ltr'>articuli.</span> <span class='ocrx_word' id='word_1_162' title='bbox 977 2069 1076 2138; x_wconf 74' lang='lat' dir='ltr'>laceb,</span> <span class='ocrx_word' id='word_1_163' title='bbox 1101 2086 1186 2138; x_wconf 85' lang='lat' dir='ltr'>quan·</span> 
     </span>
     <span class='ocr_line' id='line_1_19' title="bbox 140 2156 1184 2226; baseline -0.001 -15"><span class='ocrx_word' id='word_1_164' title='bbox 140 2159 199 2211; x_wconf 86' lang='lat' dir='ltr'>tum</span> <span class='ocrx_word' id='word_1_165' title='bbox 227 2157 383 2210; x_wconf 87' lang='lat' dir='ltr'>turbaretur</span> <span class='ocrx_word' id='word_1_166' title='bbox 408 2156 514 2225; x_wconf 88' lang='lat' dir='ltr'>reliqua</span> <span class='ocrx_word' id='word_1_167' title='bbox 539 2157 671 2225; x_wconf 87' lang='lat' dir='ltr'>narratio,</span> <span class='ocrx_word' id='word_1_168' title='bbox 699 2156 775 2211; x_wconf 89' lang='lat' dir='ltr'>siin</span> <span class='ocrx_word' id='word_1_169' title='bbox 800 2173 834 2212; x_wconf 90' lang='lat' dir='ltr'>ea</span> <span class='ocrx_word' id='word_1_170' title='bbox 858 2158 891 2210; x_wconf 92' lang='lat' dir='ltr'>de</span> <span class='ocrx_word' id='word_1_171' title='bbox 908 2158 1004 2226; x_wconf 86' lang='lat' dir='ltr'>paucis</span> <span class='ocrx_word' id='word_1_172' title='bbox 1023 2157 1184 2226; x_wconf 88' lang='lat' dir='ltr'>quibusdam</span> 
     </span>
     <span class='ocr_line' id='line_1_20' title="bbox 141 2243 1185 2314; baseline 0 -16"><span class='ocrx_word' id='word_1_173' title='bbox 141 2243 242 2298; x_wconf 88' lang='lat' dir='ltr'>litteris</span> <span class='ocrx_word' id='word_1_174' title='bbox 261 2245 393 2313; x_wconf 84' lang='lat' dir='ltr'>ageretur.</span> <span class='ocrx_word' id='word_1_175' title='bbox 429 2244 560 2298; x_wconf 87' lang='lat' dir='ltr'>Herodoti</span> <span class='ocrx_word' id='word_1_176' title='bbox 583 2245 746 2299; x_wconf 88' lang='lat' dir='ltr'>sententiam</span> <span class='ocrx_word' id='word_1_177' title='bbox 769 2243 866 2297; x_wconf 88' lang='lat' dir='ltr'>deinde</span> <span class='ocrx_word' id='word_1_178' title='bbox 889 2244 1011 2313; x_wconf 89' lang='lat' dir='ltr'>plerique</span> <span class='ocrx_word' id='word_1_179' title='bbox 1029 2244 1185 2314; x_wconf 82' lang='lat' dir='ltr'>probammt,</span> 
     </span>
     <span class='ocr_line' id='line_1_21' title="bbox 143 2330 1186 2401; baseline -0.003 -15"><span class='ocrx_word' id='word_1_180' title='bbox 143 2348 258 2401; x_wconf 86' lang='lat' dir='ltr'>quorum</span> <span class='ocrx_word' id='word_1_181' title='bbox 276 2331 394 2385; x_wconf 87' lang='lat' dir='ltr'>rationes</span> <span class='ocrx_word' id='word_1_182' title='bbox 417 2331 447 2385; x_wconf 88' lang='lat' dir='ltr'>in</span> <span class='ocrx_word' id='word_1_183' title='bbox 470 2330 576 2386; x_wconf 86' lang='lat' dir='ltr'>occulto</span> <span class='ocrx_word' id='word_1_184' title='bbox 601 2333 677 2399; x_wconf 91' lang='lat' dir='ltr'>sunt,</span> <span class='ocrx_word' id='word_1_185' title='bbox 704 2332 814 2385; x_wconf 89' lang='lat' dir='ltr'>nomina</span> <span class='ocrx_word' id='word_1_186' title='bbox 833 2334 860 2384; x_wconf 91' lang='lat' dir='ltr'>et</span> <span class='ocrx_word' id='word_1_187' title='bbox 882 2330 943 2386; x_wconf 89' lang='lat' dir='ltr'>loca</span> <span class='ocrx_word' id='word_1_188' title='bbox 960 2330 1098 2385; x_wconf 86' lang='lat' dir='ltr'>cumulare</span> <span class='ocrx_word' id='word_1_189' title='bbox 1116 2330 1186 2384; x_wconf 90' lang='lat' dir='ltr'>nihil</span> 
     </span>
     <span class='ocr_line' id='line_1_22' title="bbox 142 2417 1186 2488; baseline -0.001 -15"><span class='ocrx_word' id='word_1_190' title='bbox 142 2419 248 2473; x_wconf 82' lang='lat' dir='ltr'>attinet</span> <span class='ocrx_word' id='word_1_191' title='bbox 285 2419 325 2472; x_wconf 84' lang='lat' dir='ltr'>Ac</span> <span class='ocrx_word' id='word_1_192' title='bbox 343 2433 428 2488; x_wconf 85' lang='lat' dir='ltr'>paene</span> <span class='ocrx_word' id='word_1_193' title='bbox 455 2433 549 2472; x_wconf 89' lang='lat' dir='ltr'>omnes</span> <span class='ocrx_word' id='word_1_194' title='bbox 576 2418 733 2487; x_wconf 80' lang='lat' dir='ltr'>posterioris</span> <span class='ocrx_word' id='word_1_195' title='bbox 760 2420 825 2472; x_wconf 87' lang='lat' dir='ltr'>sunt</span> <span class='ocrx_word' id='word_1_196' title='bbox 848 2418 957 2473; x_wconf 85' lang='lat' dir='ltr'>aetatis:</span> <span class='ocrx_word' id='word_1_197' title='bbox 986 2434 1021 2471; x_wconf 86' lang='lat' dir='ltr'>ex</span> <span class='ocrx_word' id='word_1_198' title='bbox 1039 2417 1186 2488; x_wconf 86' lang='lat' dir='ltr'>deperditis</span> 
     </span>
     <span class='ocr_line' id='line_1_23' title="bbox 142 2504 1186 2576; baseline -0.001 -15"><span class='ocrx_word' id='word_1_199' title='bbox 142 2505 328 2576; x_wconf 76' lang='lat' dir='ltr'>superioribus</span> <span class='ocrx_word' id='word_1_200' title='bbox 347 2505 371 2560; x_wconf 91' lang='lat' dir='ltr'>si</span> <span class='ocrx_word' id='word_1_201' title='bbox 388 2521 474 2558; x_wconf 91' lang='lat' dir='ltr'>unum</span> <span class='ocrx_word' id='word_1_202' title='bbox 490 2505 652 2560; x_wconf 87' lang='lat' dir='ltr'>haberemus</span> <span class='ocrx_word' id='word_1_203' title='bbox 670 2505 771 2574; x_wconf 86' lang='lat' dir='ltr'>Ephori</span> <span class='ocrx_word' id='word_1_204' title='bbox 795 2521 937 2559; x_wconf 87' lang='lat' dir='ltr'>excessum</span> <span class='ocrx_word' id='word_1_205' title='bbox 956 2505 1118 2560; x_wconf 89' lang='lat' dir='ltr'>historicum</span> <span class='ocrx_word' id='word_1_206' title='bbox 1134 2504 1186 2560; x_wconf 91' lang='lat' dir='ltr'>hac</span> 
     </span>
     <span class='ocr_line' id='line_1_24' title="bbox 142 2592 1187 2663; baseline -0.001 -16"><span class='ocrx_word' id='word_1_207' title='bbox 142 2595 175 2648; x_wconf 91' lang='lat' dir='ltr'>de</span> <span class='ocrx_word' id='word_1_208' title='bbox 192 2609 224 2647; x_wconf 94' lang='lat' dir='ltr'>re</span> <span class='ocrx_word' id='word_1_209' title='bbox 240 2593 347 2663; x_wconf 90' lang='lat' dir='ltr'>proprie</span> <span class='ocrx_word' id='word_1_210' title='bbox 367 2593 510 2662; x_wconf 84' lang='lat' dir='ltr'>scripturn,</span> <span class='ocrx_word' id='word_1_211' title='bbox 529 2593 608 2648; x_wconf 88' lang='lat' dir='ltr'>cuius</span> <span class='ocrx_word' id='word_1_212' title='bbox 627 2593 786 2648; x_wconf 83' lang='lat' dir='ltr'>auctoritate</span> <span class='ocrx_word' id='word_1_213' title='bbox 803 2592 834 2647; x_wconf 88' lang='lat' dir='ltr'>in</span> <span class='ocrx_word' id='word_1_214' title='bbox 848 2592 947 2648; x_wconf 85' lang='lat' dir='ltr'>Cadmo</span> <span class='ocrx_word' id='word_1_215' title='bbox 965 2593 1083 2647; x_wconf 88' lang='lat' dir='ltr'>ornando</span> <span class='ocrx_word' id='word_1_216' title='bbox 1100 2593 1187 2646; x_wconf 87' lang='lat' dir='ltr'>utitur</span> 
     </span>
     <span class='ocr_line' id='line_1_25' title="bbox 143 2678 1186 2750; baseline -0.002 -14"><span class='ocrx_word' id='word_1_217' title='bbox 143 2681 268 2736; x_wconf 79' lang='lat' dir='ltr'>Clemens</span> <span class='ocrx_word' id='word_1_218' title='bbox 285 2679 363 2734; x_wconf 81' lang='lat' dir='ltr'>Alex.</span> <span class='ocrx_word' id='word_1_219' title='bbox 383 2678 479 2735; x_wconf 79' lang='lat' dir='ltr'>Strom.</span> <span class='ocrx_word' id='word_1_220' title='bbox 497 2680 518 2734; x_wconf 96' lang='grc' dir='ltr'>Ι.</span> <span class='ocrx_word' id='word_1_221' title='bbox 538 2698 564 2749; x_wconf 93' lang='lat' dir='ltr'>p.</span> <span class='ocrx_word' id='word_1_222' title='bbox 584 2679 643 2736; x_wconf 89' lang='lat'><strong>306.</strong></span> <span class='ocrx_word' id='word_1_223' title='bbox 657 2679 691 2734; x_wconf 87' lang='lat' dir='ltr'>D.</span> <span class='ocrx_word' id='word_1_224' title='bbox 709 2679 795 2734; x_wconf 86' lang='lat' dir='ltr'>Paris.</span> <span class='ocrx_word' id='word_1_225' title='bbox 817 2679 854 2749; x_wconf 89' lang='lat' dir='ltr'>[p.</span> <span class='ocrx_word' id='word_1_226' title='bbox 872 2679 932 2735; x_wconf 83' lang='lat'>362.</span> <span class='ocrx_word' id='word_1_227' title='bbox 951 2679 1048 2750; x_wconf 89' lang='lat' dir='ltr'>Pott.],</span> <span class='ocrx_word' id='word_1_228' title='bbox 1072 2679 1186 2735; x_wconf 86' lang='lat' dir='ltr'>fortasse</span> 
     </span>
     <span class='ocr_line' id='line_1_26' title="bbox 141 2767 1186 2838; baseline -0.001 -15"><span class='ocrx_word' id='word_1_229' title='bbox 141 2769 220 2838; x_wconf 87' lang='lat' dir='ltr'>plura</span> <span class='ocrx_word' id='word_1_230' title='bbox 237 2768 389 2822; x_wconf 85' lang='lat' dir='ltr'>commenta</span> <span class='ocrx_word' id='word_1_231' title='bbox 414 2767 492 2821; x_wconf 90' lang='lat' dir='ltr'>nobis</span> <span class='ocrx_word' id='word_1_232' title='bbox 517 2767 667 2822; x_wconf 81' lang='lat' dir='ltr'>refellenda</span> <span class='ocrx_word' id='word_1_233' title='bbox 694 2769 793 2822; x_wconf 90' lang='lat' dir='ltr'>essent.</span> <span class='ocrx_word' id='word_1_234' title='bbox 831 2767 957 2822; x_wconf 89' lang='lat' dir='ltr'>Ceterum</span> <span class='ocrx_word' id='word_1_235' title='bbox 981 2768 1055 2822; x_wconf 89' lang='lat' dir='ltr'>haud</span> <span class='ocrx_word' id='word_1_236' title='bbox 1079 2768 1136 2822; x_wconf 90' lang='lat' dir='ltr'>scio</span> <span class='ocrx_word' id='word_1_237' title='bbox 1152 2785 1186 2822; x_wconf 87' lang='lat' dir='ltr'>an</span> 
     </span>
     <span class='ocr_line' id='line_1_27' title="bbox 141 2853 1186 2925; baseline 0 -15"><span class='ocrx_word' id='word_1_238' title='bbox 141 2858 244 2910; x_wconf 66' lang='lat' dir='ltr'>temne</span> <span class='ocrx_word' id='word_1_239' title='bbox 262 2871 326 2910; x_wconf 88' lang='lat' dir='ltr'>oum</span> <span class='ocrx_word' id='word_1_240' title='bbox 342 2853 478 2909; x_wconf 88' lang='lat' dir='ltr'>Herodoto</span> <span class='ocrx_word' id='word_1_241' title='bbox 504 2855 701 2924; x_wconf 83' lang='lat' dir='ltr'>coniungantur</span> <span class='ocrx_word' id='word_1_242' title='bbox 717 2855 739 2907; x_wconf 90' lang='lat' dir='ltr'>ii</span> <span class='ocrx_word' id='word_1_243' title='bbox 759 2855 917 2923; x_wconf 85' lang='lat' dir='ltr'>scriptores,</span> <span class='ocrx_word' id='word_1_244' title='bbox 940 2855 993 2925; x_wconf 83' lang='lat' dir='ltr'>&#39;qui</span> <span class='ocrx_word' id='word_1_245' title='bbox 1011 2854 1186 2910; x_wconf 77' lang='lat' dir='ltr'>Phoenicium</span> 
     </span>
     <span class='ocr_line' id='line_1_28' title="bbox 142 2940 1185 3014; baseline -0.001 -17"><span class='ocrx_word' id='word_1_246' title='bbox 142 2944 275 3014; x_wconf 80' lang='lat' dir='ltr'>originem</span> <span class='ocrx_word' id='word_1_247' title='bbox 293 2942 374 3010; x_wconf 80' lang='lat' dir='ltr'>artie,</span> <span class='ocrx_word' id='word_1_248' title='bbox 391 2959 446 2997; x_wconf 88' lang='lat' dir='ltr'>non</span> <span class='ocrx_word' id='word_1_249' title='bbox 457 2942 622 2997; x_wconf 83' lang='lat' dir='ltr'>invectorem</span> <span class='ocrx_word' id='word_1_250' title='bbox 636 2942 767 2996; x_wconf 84' lang='lat' dir='ltr'>Cadmum</span> <span class='ocrx_word' id='word_1_251' title='bbox 780 2942 898 2996; x_wconf 87' lang='lat' dir='ltr'>tradunt</span> <span class='ocrx_word' id='word_1_252' title='bbox 934 2940 1010 3011; x_wconf 90' lang='lat' dir='ltr'>Huc,</span> <span class='ocrx_word' id='word_1_253' title='bbox 1029 2943 1084 2997; x_wconf 89' lang='lat' dir='ltr'>nisi</span> <span class='ocrx_word' id='word_1_254' title='bbox 1100 2942 1185 3011; x_wconf 85' lang='lat' dir='ltr'>fallor,</span> 
     </span>
     <span class='ocr_line' id='line_1_29' title="bbox 141 3028 1185 3100; baseline 0 -16"><span class='ocrx_word' id='word_1_255' title='bbox 141 3030 274 3099; x_wconf 84' lang='lat' dir='ltr'>pertinuit</span> <span class='ocrx_word' id='word_1_256' title='bbox 297 3029 375 3084; x_wconf 90' lang='lat' dir='ltr'>locus</span> <span class='ocrx_word' id='word_1_257' title='bbox 402 3028 526 3099; x_wconf 83' lang='lat' dir='ltr'>Sophool.</span> <span class='ocrx_word' id='word_1_258' title='bbox 550 3029 580 3081; x_wconf 91' lang='lat' dir='ltr'>in</span> <span class='ocrx_word' id='word_1_259' title='bbox 607 3029 778 3096; x_wconf 76' lang='lat' dir='ltr'>Praetoribus,</span> <span class='ocrx_word' id='word_1_260' title='bbox 806 3045 886 3099; x_wconf 88' lang='lat' dir='ltr'>quem</span> <span class='ocrx_word' id='word_1_261' title='bbox 913 3029 1001 3100; x_wconf 83' lang='lat' dir='ltr'>tangit</span> <span class='ocrx_word' id='word_1_262' title='bbox 1021 3028 1140 3100; x_wconf 86' lang='lat' dir='ltr'>Hesych.</span> <span class='ocrx_word' id='word_1_263' title='bbox 1159 3048 1185 3084; x_wconf 86' lang='lat' dir='ltr'>v.</span> 
     </span>
     <span class='ocr_line' id='line_1_30' title="bbox 143 3109 1186 3187; baseline -0.002 -17"><span class='ocrx_word' id='word_1_264' title='bbox 143 3121 315 3178; x_wconf 75' lang='grc' dir='ltr'><em>Φοινικίοις,</em></span> <span class='ocrx_word' id='word_1_265' title='bbox 343 3116 391 3186; x_wconf 87' lang='lat' dir='ltr'>qui</span> <span class='ocrx_word' id='word_1_266' title='bbox 408 3133 473 3170; x_wconf 84' lang='lat' dir='ltr'>mox</span> <span class='ocrx_word' id='word_1_267' title='bbox 489 3116 548 3187; x_wconf 92' lang='lat' dir='ltr'>ipse</span> <span class='ocrx_word' id='word_1_268' title='bbox 567 3117 618 3172; x_wconf 91' lang='lat' dir='ltr'>hoc</span> <span class='ocrx_word' id='word_1_269' title='bbox 635 3117 731 3171; x_wconf 88' lang='lat' dir='ltr'>habet:</span> <span class='ocrx_word' id='word_1_270' title='bbox 758 3117 852 3172; x_wconf 71' lang='grc' dir='ltr'><em>Λυδοὶ</em></span> <span class='ocrx_word' id='word_1_271' title='bbox 876 3118 922 3168; x_wconf 84' lang='grc' dir='ltr'>καὶ</span> <span class='ocrx_word' id='word_1_272' title='bbox 935 3109 1026 3176; x_wconf 74' lang='grc' dir='ltr'><em>Ἴωνες</em></span> <span class='ocrx_word' id='word_1_273' title='bbox 1045 3117 1079 3168; x_wconf 80' lang='grc' dir='ltr'>τὰ</span> <span class='ocrx_word' id='word_1_274' title='bbox 1096 3117 1186 3187; x_wconf 79' lang='grc' dir='ltr'><em>γράμ-</em></span> 
     </span>
     <span class='ocr_line' id='line_1_31' title="bbox 141 3203 686 3275; baseline 0 -19"><span class='ocrx_word' id='word_1_275' title='bbox 141 3223 218 3275; x_wconf 82' lang='grc' dir='ltr'><strong><em>ματα</em></strong></span> <span class='ocrx_word' id='word_1_276' title='bbox 236 3203 295 3255; x_wconf 82' lang='grc' dir='ltr'>ἀπὸ</span> <span class='ocrx_word' id='word_1_277' title='bbox 314 3203 447 3263; x_wconf 79' lang='grc' dir='ltr'><em>Φοίνικός</em></span> <span class='ocrx_word' id='word_1_278' title='bbox 464 3222 539 3263; x_wconf 81' lang='grc' dir='ltr'><em>τινος</em></span> <span class='ocrx_word' id='word_1_279' title='bbox 558 3203 686 3271; x_wconf 77' lang='grc' dir='ltr'><em>(ἔλαβον).</em></span> 
     </span>
    </p>

    <p class='ocr_par' dir='ltr' id='par_1_5' title="bbox 142 3285 1187 3869">
     <span class='ocr_line' id='line_1_32' title="bbox 231 3285 1186 3359; baseline -0.003 -17"><span class='ocrx_word' id='word_1_280' title='bbox 231 3291 277 3356; x_wconf 84' lang='grc'>17)</span> <span class='ocrx_word' id='word_1_281' title='bbox 295 3289 332 3358; x_wconf 81' lang='grc' dir='ltr'>Π,</span> <span class='ocrx_word' id='word_1_282' title='bbox 350 3289 391 3344; x_wconf 86' lang='grc'>53.</span> <span class='ocrx_word' id='word_1_283' title='bbox 410 3290 555 3359; x_wconf 83' lang='lat' dir='ltr'>Perperam</span> <span class='ocrx_word' id='word_1_284' title='bbox 572 3290 613 3344; x_wconf 91' lang='lat' dir='ltr'>ibi</span> <span class='ocrx_word' id='word_1_285' title='bbox 630 3290 747 3344; x_wconf 88' lang='lat' dir='ltr'>Wessel.</span> <span class='ocrx_word' id='word_1_286' title='bbox 766 3291 861 3358; x_wconf 82' lang='lat' dir='ltr'>rerba,</span> <span class='ocrx_word' id='word_1_287' title='bbox 890 3285 969 3343; x_wconf 82' lang='grc' dir='ltr'><em>οὗτοί</em></span> <span class='ocrx_word' id='word_1_288' title='bbox 984 3292 1040 3342; x_wconf 76' lang='grc' dir='ltr'>εἰσι</span> <span class='ocrx_word' id='word_1_289' title='bbox 1058 3289 1088 3341; x_wconf 82' lang='grc' dir='ltr'>οἱ</span> <span class='ocrx_word' id='word_1_290' title='bbox 1105 3289 1186 3354; x_wconf 53' lang='lat' dir='ltr'>noir}</span> 
     </span>
     <span class='ocr_line' id='line_1_33' title="bbox 143 3371 1186 3447; baseline -0.002 -17"><span class='ocrx_word' id='word_1_291' title='bbox 143 3393 241 3438; x_wconf 78' lang='grc' dir='ltr'><strong><em>σαντες</em></strong></span> <span class='ocrx_word' id='word_1_292' title='bbox 259 3381 409 3446; x_wconf 73' lang='grc' dir='ltr'><em>θεογονίην</em></span> <span class='ocrx_word' id='word_1_293' title='bbox 428 3371 554 3444; x_wconf 76' lang='grc' dir='ltr'><strong><em>Ἕλλησι,</em></strong></span> <span class='ocrx_word' id='word_1_294' title='bbox 584 3377 624 3432; x_wconf 89' lang='lat' dir='ltr'>sic</span> <span class='ocrx_word' id='word_1_295' title='bbox 639 3377 751 3447; x_wconf 88' lang='lat' dir='ltr'>accipit,</span> <span class='ocrx_word' id='word_1_296' title='bbox 780 3380 812 3431; x_wconf 91' lang='lat' dir='ltr'>ut</span> <span class='ocrx_word' id='word_1_297' title='bbox 837 3377 879 3431; x_wconf 93' lang='lat' dir='ltr'>illi</span> <span class='ocrx_word' id='word_1_298' title='bbox 899 3379 951 3432; x_wconf 86' lang='lat' dir='ltr'>duo</span> <span class='ocrx_word' id='word_1_299' title='bbox 967 3377 1049 3446; x_wconf 87' lang='lat' dir='ltr'>primi</span> <span class='ocrx_word' id='word_1_300' title='bbox 1066 3373 1186 3428; x_wconf 66' lang='lat' dir='ltr'>casibus</span> 
     </span>
     <span class='ocr_line' id='line_1_34' title="bbox 142 3462 1187 3534; baseline 0 -18"><span class='ocrx_word' id='word_1_301' title='bbox 142 3463 298 3533; x_wconf 69' lang='lat' dir='ltr'>exposuisse</span> <span class='ocrx_word' id='word_1_302' title='bbox 314 3465 499 3534; x_wconf 86' lang='lat' dir='ltr'>theogeniam,</span> <span class='ocrx_word' id='word_1_303' title='bbox 524 3482 578 3520; x_wconf 93' lang='lat' dir='ltr'>non</span> <span class='ocrx_word' id='word_1_304' title='bbox 596 3463 747 3518; x_wconf 74' lang='lat' dir='ltr'>corodidiesc</span> <span class='ocrx_word' id='word_1_305' title='bbox 765 3465 898 3519; x_wconf 79' lang='lat' dir='ltr'>dicanbu.</span> <span class='ocrx_word' id='word_1_306' title='bbox 935 3463 1004 3519; x_wconf 83' lang='lat' dir='ltr'>Sane</span> <span class='ocrx_word' id='word_1_307' title='bbox 1022 3463 1062 3518; x_wconf 84' lang='lat' dir='ltr'>ita</span> <span class='ocrx_word' id='word_1_308' title='bbox 1078 3462 1187 3531; x_wconf 86' lang='lat' dir='ltr'>ponitur</span> 
     </span>
     <span class='ocr_line' id='line_1_35' title="bbox 144 3551 1186 3622; baseline -0.001 -18"><span class='ocrx_word' id='word_1_309' title='bbox 144 3556 252 3614; x_wconf 74' lang='grc' dir='ltr'><em>ποιεῖνς</em></span> <span class='ocrx_word' id='word_1_310' title='bbox 271 3552 319 3606; x_wconf 88' lang='lat' dir='ltr'>sed</span> <span class='ocrx_word' id='word_1_311' title='bbox 338 3552 446 3606; x_wconf 83' lang='lat' dir='ltr'>dativus</span> <span class='ocrx_word' id='word_1_312' title='bbox 464 3552 493 3606; x_wconf 89' lang='lat' dir='ltr'>in</span> <span class='ocrx_word' id='word_1_313' title='bbox 509 3553 561 3607; x_wconf 91' lang='lat' dir='ltr'>hac</span> <span class='ocrx_word' id='word_1_314' title='bbox 580 3552 778 3622; x_wconf 85' lang='lat' dir='ltr'>significatione</span> <span class='ocrx_word' id='word_1_315' title='bbox 791 3552 869 3607; x_wconf 85' lang='lat' dir='ltr'>verbi</span> <span class='ocrx_word' id='word_1_316' title='bbox 887 3551 996 3606; x_wconf 87' lang='lat' dir='ltr'>additus</span> <span class='ocrx_word' id='word_1_317' title='bbox 1014 3551 1076 3605; x_wconf 88' lang='lat' dir='ltr'>luce</span> <span class='ocrx_word' id='word_1_318' title='bbox 1094 3566 1186 3604; x_wconf 85' lang='lat' dir='ltr'>exem-</span> 
     </span>
     <span class='ocr_line' id='line_1_36' title="bbox 143 3638 1186 3710; baseline 0 -18"><span class='ocrx_word' id='word_1_319' title='bbox 143 3639 249 3708; x_wconf 90' lang='lat' dir='ltr'>plorum</span> <span class='ocrx_word' id='word_1_320' title='bbox 268 3639 379 3709; x_wconf 85' lang='lat' dir='ltr'>egebat,</span> <span class='ocrx_word' id='word_1_321' title='bbox 408 3639 499 3709; x_wconf 86' lang='lat' dir='ltr'>qualia</span> <span class='ocrx_word' id='word_1_322' title='bbox 516 3640 584 3693; x_wconf 89' lang='lat' dir='ltr'>mihi</span> <span class='ocrx_word' id='word_1_323' title='bbox 603 3639 713 3709; x_wconf 89' lang='lat' dir='ltr'>quidem</span> <span class='ocrx_word' id='word_1_324' title='bbox 731 3640 869 3710; x_wconf 85' lang='lat' dir='ltr'>incognita</span> <span class='ocrx_word' id='word_1_325' title='bbox 886 3641 958 3695; x_wconf 89' lang='lat' dir='ltr'>sunt.</span> <span class='ocrx_word' id='word_1_326' title='bbox 993 3638 1083 3693; x_wconf 81' lang='lat' dir='ltr'>Etiam</span> <span class='ocrx_word' id='word_1_327' title='bbox 1101 3638 1186 3692; x_wconf 83' lang='lat' dir='ltr'>Athe-</span> 
     </span>
     <span class='ocr_line' id='line_1_37' title="bbox 144 3724 1186 3797; baseline 0 -17"><span class='ocrx_word' id='word_1_328' title='bbox 144 3743 256 3797; x_wconf 84' lang='lat' dir='ltr'>nagoras</span> <span class='ocrx_word' id='word_1_329' title='bbox 275 3743 338 3780; x_wconf 87' lang='lat' dir='ltr'>cum</span> <span class='ocrx_word' id='word_1_330' title='bbox 359 3726 441 3796; x_wconf 82' lang='lat' dir='ltr'>vulgo</span> <span class='ocrx_word' id='word_1_331' title='bbox 465 3726 549 3780; x_wconf 88' lang='lat' dir='ltr'>sentit</span> <span class='ocrx_word' id='word_1_332' title='bbox 570 3726 601 3779; x_wconf 89' lang='lat' dir='ltr'>in</span> <span class='ocrx_word' id='word_1_333' title='bbox 622 3726 699 3794; x_wconf 81' lang='lat' dir='ltr'>Apol.</span> <span class='ocrx_word' id='word_1_334' title='bbox 719 3743 767 3795; x_wconf 90' lang='lat' dir='ltr'>pro</span> <span class='ocrx_word' id='word_1_335' title='bbox 786 3727 846 3782; x_wconf 92' lang='lat' dir='ltr'>Chr.</span> <span class='ocrx_word' id='word_1_336' title='bbox 867 3745 893 3796; x_wconf 90' lang='lat' dir='ltr'>p.</span> <span class='ocrx_word' id='word_1_337' title='bbox 915 3725 989 3796; x_wconf 61' lang='lat'>129,</span> <span class='ocrx_word' id='word_1_338' title='bbox 1007 3725 1116 3780; x_wconf 88' lang='lat' dir='ltr'>laudato</span> <span class='ocrx_word' id='word_1_339' title='bbox 1139 3724 1186 3780; x_wconf 90' lang='lat' dir='ltr'>illo</span> 
     </span>
     <span class='ocr_line' id='line_1_38' title="bbox 144 3812 679 3869; baseline 0.002 -4"><span class='ocrx_word' id='word_1_340' title='bbox 144 3812 201 3867; x_wconf 88' lang='lat' dir='ltr'>loco</span> <span class='ocrx_word' id='word_1_341' title='bbox 220 3816 248 3867; x_wconf 90' lang='lat' dir='ltr'>et</span> <span class='ocrx_word' id='word_1_342' title='bbox 266 3813 296 3866; x_wconf 90' lang='lat' dir='ltr'>in</span> <span class='ocrx_word' id='word_1_343' title='bbox 314 3814 476 3868; x_wconf 81' lang='lat' dir='ltr'>sententiam</span> <span class='ocrx_word' id='word_1_344' title='bbox 497 3829 575 3869; x_wconf 83' lang='lat' dir='ltr'>suam</span> <span class='ocrx_word' id='word_1_345' title='bbox 592 3829 679 3867; x_wconf 82' lang='lat' dir='ltr'>verso.</span> 
     </span>
    </p>
   </div>
   <div class='ocr_carea' id='block_1_5' title="bbox 0 0 1529 4588">
    <p class='ocr_par' dir='ltr' id='par_1_6' title="bbox 0 0 1529 4588">
     <span class='ocr_line' id='line_1_39' title="bbox 0 0 1529 4588; baseline 0 0"><span class='ocrx_word' id='word_1_346' title='bbox 0 0 1529 4588; x_wconf 95' lang='lat' dir='ltr'> </span> 
     </span>
    </p>
   </div>
  </div>
 </body>
</html>
