2980 4576
338 321 389 376 180
779 322 941 376 Prolegomena

336 498 461 583 ratast),
488 503 637 580 planeque
658 507 746 563 vetus
773 503 924 582 interpres
946 503 1075 579 Horatii,
1106 523 1198 562 caca
1219 523 1283 579 qaas
1305 503 1379 560 iada

335 609 408 665 aurit
422 608 540 666 Homeri
551 627 605 666 aaa
620 628 692 677 oasa·
713 626 811 686 nequa
825 609 964 686 equidem
980 609 1098 683 dubito,
1123 608 1198 686 quin
1212 608 1235 667 ii
1249 608 1380 666 maxima

336 729 374 770 ex
394 691 485 789 parte¹
507 713 583 772 tales
612 712 670 772 visi
701 713 763 772 sint
784 713 970 773 Aristarcho:
1002 708 1086 794 (nam
1117 712 1192 772 varii
1215 713 1295 772 modi
1314 731 1380 771 ccr-

334 816 518 893 ruptelarum
547 821 578 877 et
610 817 891 894 interpolatorum,
923 837 997 896 quas
1023 818 1188 878 Homerum
1221 821 1380 894 expertum

336 938 425 998 supra
445 922 585 998 exposui,
608 922 702 981 multo
725 921 835 983 clarius
857 927 922 982 tum
938 924 1080 1000 cognosci
1092 927 1266 1000 potuerimt,
1288 940 1381 999 quam

276 1023 373 1085 233ex
395 1029 477 1084 tanto
499 1026 657 1086 intervallo
682 1021 684 1106 i
710 1022 907 1107 temporum:)
928 1032 1060 1087 attamen
1082 1046 1143 1086 non
1166 1026 1266 1100 credo,
1288 1026 1383 1085 istam

333 1148 398 1189 rem
420 1131 456 1189 ab
478 1129 530 1189 illo
548 1131 580 1190 in
596 1149 704 1208 magno
719 1131 892 1191 discrimine
914 1132 1040 1210 positam
1055 1149 1130 1192 esse.
1175 1131 1270 1191 Immo
1285 1149 1383 1208 quum

333 1234 439 1294 horum
471 1240 640 1313 temporum
673 1241 704 1296 et
734 1237 889 1296 hominum
921 1237 1043 1316 ingenia
1075 1238 1208 1311 intueor,
1239 1242 1269 1296 et
1300 1236 1384 1296 clara

333 1343 469 1400 veterum
502 1341 675 1400 testimonia
708 1347 845 1402 accurate
878 1361 1031 1420 comparo,
1066 1341 1163 1402 videri
1196 1341 1270 1400 mihi
1304 1341 1384 1400 solet

334 1445 523 1505 Aristarchus
552 1465 612 1506 non
645 1447 732 1507 aliicr
758 1448 933 1508 tractavisse
960 1447 1139 1522 Homemm,
1169 1466 1204 1506 ac
1226 1447 1297 1506 Cato
1326 1445 1383 1506 illc

333 1549 498 1625 Lucilium,
527 1549 614 1611 cuius
635 1551 706 1610 mole
721 1553 817 1628 factos
841 1571 932 1611 amaa
955 1552 1125 1627 amendabat,
1158 1557 1247 1630 atque
1268 1551 1383 1612 Varius

334 1659 364 1713 et
393 1653 491 1714 Tucca
521 1655 642 1732 Virgilii
675 1656 884 1734 imperfectum
914 1661 1021 1734 poema
1054 1657 1204 1717 tractaturi
1240 1656 1383 1732 fuissent,

334 1759 394 1817 nisi
416 1759 571 1820 morientis
591 1761 680 1820 amici
701 1766 732 1820 et
753 1762 883 1838 Augusti
905 1762 1044 1822 voluntas
1057 1757 1352 1845 intercessisset&

421 1861 538 1941 Quippe
560 1864 612 1922 illo
628 1864 808 1925 Graecomm
821 1884 908 1940 aevo,
931 1867 1068 1944 quamvis
1082 1867 1115 1924 in
1129 1866 1265 1926 minutiis
1280 1885 1381 1942 gram·

333 1967 433 2027 matici
463 1969 582 2045 generis
611 1971 853 2047 occupatissimo,
885 1988 945 2030 nou
965 1971 1063 2048 potuit
1084 1989 1144 2029 non
1166 1971 1236 2030 vilis
1258 1975 1288 2031 et
1310 1989 1381 2031 eru-

334 2072 388 2131 diti
411 2072 540 2133 hominis
561 2075 698 2134 acumine
726 2093 831 2152 parum
860 2076 951 2152 digna
973 2075 1076 2136 haberi
1099 2076 1172 2136 haec
1195 2095 1266 2136 cura
1284 2076 1381 2136 libros

334 2176 488 2237 dividendi
517 2179 548 2237 in
571 2183 688 2254 partes,
716 2181 920 2256 praeponendi
950 2181 1126 2256 summaria,
1158 2181 1275 2241 codices
1297 2182 1381 2240 inter

334 2299 367 2341 se
388 2283 590 2359 comparandi,
612 2284 801 2344 librariorum
821 2286 931 2344 menda
953 2285 1092 2361 tollendi,
1115 2287 1258 2346 vocabula
1280 2286 1380 2361 signis

333 2386 559 2446 distinctionum
588 2393 619 2448 et
644 2394 822 2449 accentuum
852 2389 991 2465 notandi,
1024 2396 1054 2450 et
1083 2391 1109 2450 si
1137 2410 1196 2468 qua
1217 2391 1275 2450 alia
1297 2396 1379 2465 sunt,
1476 2395 1477 2460 g

333 2508 409 2567 quae
441 2492 550 2568 partim
584 2493 775 2569 assignantur
811 2496 1025 2553 Grammaticis.
1080 2496 1126 2554 Ab
1160 2495 1208 2554 his
1242 2495 1378 2554 diversos

333 2599 449 2654 constat
470 2595 564 2655 fuisse
590 2598 803 2668 Grammaticos,
827 2600 985 2659 verborum
1000 2603 1030 2659 at
1045 2600 1262 2659 sententiarum
1281 2599 1377 2658 inter-

333 2704 448 2775 pretes,
475 2719 511 2760 ac
527 2701 621 2760 multo
643 2703 740 2778 magis
762 2721 829 2779 eos,
859 2704 912 2781 qui
934 2724 952 2764 a
973 2705 1127 2765 nonnullis
1150 2703 1320 2764 subtiliores
1344 2709 1378 2764 et

422 2851 465 2917 13)
484 2851 551 2920 pr.
569 2851 674 2920 XVIII,
694 2852 737 2906 29.
772 2853 830 2907 Hoc
849 2854 922 2907 anim
940 2871 1031 2922 versu,

508 2927 614 2998 Quique
632 2931 710 2984 notas
729 2931 830 2999 spuriis
847 2932 972 2986 versibus
990 2931 1124 3000 apposnit,

333 3014 446 3068 minime
459 3015 554 3069 debuit
570 3016 701 3085 dubitari,
720 3018 786 3087 quin
801 3018 976 3073 Aristarchus
989 3019 1166 3073 describatur:
1201 3019 1297 3073 Maiori
1313 3018 1376 3073 iura

333 3101 451 3156 dubitari
470 3102 614 3171 potuisset,
638 3119 727 3158 annon
749 3105 822 3158 idem
845 3106 928 3160 etiam
952 3105 1074 3175 proxime
1098 3107 1271 3160 antecedente
1293 3121 1377 3160 versu
1476 3137 1477 3150 2

333 3189 447 3243 Ausonii
465 3188 629 3243 laudaretur.
1476 3245 1477 3248 ,

421 3275 465 3342 14)
484 3275 635 3331 Notissima
653 3279 695 3330 est
712 3276 827 3333 historia
844 3295 879 3332 cx
897 3279 997 3334 Donati
1015 3279 1081 3334 Vita
1098 3280 1173 3350 Virg.
1193 3285 1216 3344 ξ.
1229 3278 1271 3332 52.
1286 3277 1324 3332 59.
1346 3281 1375 3331 et

332 3363 439 3416 lusibus
461 3365 608 3432 poetarum.
645 3365 687 3418 Ad
711 3382 769 3419 rem
792 3382 846 3419 non
868 3357 939 3420 male
964 3369 1116 3436 congruunt
1138 3383 1234 3421 versus
1259 3365 1375 3434 Euganii

332 3449 419 3504 Praei.
439 3449 476 3517 [v.
496 3449 538 3503 20.
558 3466 616 3520 sqq.
635 3451 662 3504 Τ.
681 3451 739 3505 LX.
758 3469 784 3520 p.
802 3452 862 3506 608.
881 3452 976 3523 hfign]
1000 3453 1034 3507 ad
1053 3453 1192 3509 Dracontii
1212 3453 1338 3507 Hexaem.
1358 3469 1375 3506 a

333 3535 456 3590 Fabricio
475 3536 562 3592 allati:

404 3619 507 3685 Quodsi
524 3620 672 3690 Virgilius,
692 3623 720 3674 et
738 3623 833 3676 vatiun
850 3639 986 3692 summus,
1005 3623 1148 3694 Homerus,

407 3695 557 3750 Causarum
575 3712 697 3750 macera
715 3713 813 3751 accam
830 3703 891 3766 post
907 3701 970 3767 fata
988 3699 1086 3765 satire,

404 3774 491 3841 Quam
510 3775 555 3829 dat
574 3775 761 3844 Aristarchus,
780 3777 881 3840 Tucca,
901 3777 1068 3846 Variusque,
1087 3777 1243 3846 Probusque
1261 3806 1290 3815 -
