2980 4576
324 353 375 406 142
758 353 921 407 Pr01080m0¹1²

323 538 498 610 supersunt,
520 533 601 594 unde
623 552 684 592 non
695 535 869 610 stragmenta
884 534 1007 612 quidem
1022 540 1054 595 ot
1067 535 1133 611 ipss
1146 535 1237 595 verba
1251 536 1366 595 Aristo-

321 638 405 706 telis,
441 639 495 699 sed
522 643 623 699 temen
649 639 715 699 eius
744 640 889 700 rationem
918 639 1135 718 interpretandi
1165 657 1366 716 congnoscere

260 739 484 825 1851icebit49).
522 743 615 804 Nobis
637 762 722 820 vero,
746 754 749 826 i
771 744 804 803 in
824 745 949 805 historie
968 751 1071 806 textus
1093 747 1181 806 unice
1204 747 1366 823 occupetis,

321 849 484 909 omittendo
514 853 585 909 sunt
610 850 684 909 hoec
713 853 745 909 et
772 848 895 925 similis,
926 868 1019 928 quum
1044 869 1139 910 unum
1167 851 1224 911 hoc
1252 852 1367 911 iterum
1477 861 1478 934 }

321 955 540 1030 monuerimus,
562 954 640 1032 quod
660 955 727 1031 ipse
740 953 848 1014 titulus
862 955 983 1014 iilorum
996 956 1140 1015 librorum
1154 957 1281 1032 indicet,
1303 958 1366 1016 iam
1477 937 1478 940 Ἴ

320 1064 389 1120 ante
414 1060 568 1120 conditum
585 1077 725 1119 museum
739 1059 976 1119 Alexandrinum
995 1054 1209 1141 προβλήματα
1227 1079 1250 1122 s.
1271 1054 1365 1143 ζητή-
1477 1109 1478 1116 ,

319 1181 407 1241 ματα
429 1169 460 1223 et
480 1157 586 1235 λύσεις
608 1164 772 1224 oblectasse
796 1164 890 1224 otium
912 1165 1078 1240 doctorum,
1101 1183 1141 1225 ex
1155 1166 1365 1254 iisquetourio·
1477 1189 1478 1198 ¹

321 1270 430 1329 siorem
452 1287 571 1329 omnem
593 1270 870 1346 interpretationem
893 1271 1109 1330 sententiemm
1124 1276 1222 1330 ortum
1237 1273 1363 1348 cepisse.
1477 1321 1479 1342 ,

791 1503 889 1569 XLI.

406 1656 587 1716 Enumerevi
603 1660 668 1716 cote
684 1657 879 1733 exemplaria,
903 1675 1030 1735 quorum
1051 1675 1160 1717 nomen
1175 1657 1291 1718 celebre
1305 1658 1366 1718 fuit
1477 1653 1478 1678 ¹

319 1761 399 1838 apud
427 1761 647 1822 vetustissimos
677 1761 899 1823 Grammaticos.
945 1760 1063 1840 Quippe
1093 1764 1126 1821 in
1154 1763 1211 1822 hoc
1238 1781 1366 1823 numero
1479 1767 1480 1798 ³

318 1866 490 1942 ponendum
511 1884 571 1926 non
595 1870 642 1926 est
655 1851 852 1943 Euripideum
875 1868 1036 1944 quoddam,
1059 1868 1097 1927 de
1119 1886 1179 1945 quo
1201 1885 1281 1927 unus
1296 1867 1365 1928 Sui·
1478 1879 1480 1898 ⁴

318 1971 372 2030 dns
400 1973 584 2031 mentionem
614 1973 686 2032 facit
715 1991 821 2050 perum
851 1978 1018 2032 accuratam
1029 1965 1087 2055 ⁵⁰):
1121 1973 1257 2050 quemvis
1289 1973 1365 2032 haec
1478 1985 1480 1994 “

318 2093 437 2154 quoque
467 2095 517 2138 res
546 2078 653 2136 hebeat
679 2078 757 2137 hano
782 2078 858 2153 vim,
892 2082 927 2137 ut
952 2078 1018 2136 iure
1047 2078 1217 2154 suspicetur
1244 2077 1364 2154 aiiquis
1479 2065 1480 2098 ³

317 2180 404 2255 plura
425 2183 595 2243 istiusmodi
616 2182 787 2242 rudimento
808 2183 927 2244 critices
947 2183 1107 2242 admodum
1128 2187 1243 2242 mature
1258 2182 1364 2242 obscu-

317 2293 381 2347 rate
409 2288 512 2348 fuisse.
563 2289 607 2348 Ac
637 2289 662 2349 si
692 2288 792 2348 omnia
819 2288 1083 2364 pervestigamus,
1114 2288 1239 2347 forsitan
1272 2288 1364 2346 etiem

403 2486 449 2554 49)
469 2485 540 2541 Vide
557 2487 592 2540 od
610 2493 636 2554 β.
655 2486 697 2539 53.
717 2484 783 2554 [73]
807 2485 865 2540 169.
888 2484 946 2539 183.
967 2485 1027 2539 305.
1047 2485 1131 2540 catu.
1152 2486 1210 2539 156.
1229 2485 1264 2553 [β.
1287 2485 1361 2554 649]

316 2591 342 2643 y.
362 2572 421 2627 276.
445 2573 504 2626 277.
524 2572 608 2642 [275]
628 2573 652 2626 ri.
667 2571 710 2626 88.
730 2573 772 2627 93.
793 2571 852 2628 297.
872 2571 956 2642 [296]
976 2591 995 2626 ε.
1010 2573 1069 2626 741.
1090 2571 1148 2627 778.
1168 2575 1187 2635 ζ.
1201 2571 1260 2625 234.
1280 2591 1304 2639 η.
1319 2572 1362 2626 93.

317 2659 377 2714 228.
404 2681 422 2714 ι.
442 2662 474 2713 17
499 2675 523 2715 κ.
543 2660 618 2727 98.*)
645 2661 703 2715 153.
729 2660 788 2715 252.
814 2681 838 2715 ν.
858 2661 963 2727 295.**)
988 2679 1018 2714 π.
1037 2659 1097 2714 233.
1121 2680 1147 2714 τ.
1166 2659 1224 2714 108.
1250 2669 1282 2728 ψ.
1301 2659 1361 2714 269.

318 2767 346 2801 ω.
360 2749 401 2801 15.
419 2748 479 2802 569.
509 2747 651 2803 Praetereo
668 2748 740 2818 locs,
759 2749 806 2803 ubi
824 2749 929 2818 aliquid
948 2765 982 2802 ex
995 2747 1115 2818 Pomm,
1134 2765 1170 2802 ex
1187 2747 1258 2802 Hist.
1271 2749 1362 2802 natur.

317 2835 454 2904 laudatur,
473 2835 579 2905 aliaque
597 2839 630 2891 ut
647 2838 794 2892 511115.
814 2855 843 2888 π.
862 2836 935 2905 149,
955 2838 1035 2890 etex
1046 2834 1200 2889 Rhetoricis
1218 2834 1302 2904 petita
1314 2834 1362 2888 ille

317 2923 352 2976 ad
370 2942 394 2977 α.
414 2923 474 2978 303.
490 2922 550 2977 481.
588 2923 703 2979 Omnino
726 2925 756 2978 in
779 2924 824 2978 his
845 2924 971 2978 omnibus
987 2939 1132 2992 perparum
1150 2921 1299 2977 adiumenti
1320 2924 1362 2974 est

317 3010 351 3064 ad
374 3009 522 3065 tollendam
547 3012 739 3067 obscuritatem
763 3011 959 3066 sententiarum
982 3012 1009 3064 et
1032 3009 1190 3076 verborum,
1218 3009 1271 3062 etsi
1293 3024 1360 3063 non·

316 3097 392 3152 nulle
408 3099 475 3153 satis
494 3101 559 3152 sunt
576 3099 718 3170 ingeniosa
735 3101 762 3152 et
779 3100 814 3154 ed
831 3098 974 3153 historiam
991 3097 1220 3166 interpretationis
1238 3095 1325 3150 utilio.

404 3185 449 3253 50)
474 3186 565 3240 Etiam
581 3203 678 3256 genere
696 3186 836 3256 loquendi,
862 3186 892 3239 in
909 3185 961 3241 hae
979 3202 1009 3238 re
1024 3185 1136 3238 minime
1156 3184 1268 3252 usitato,
1291 3182 1318 3236 Τ.
1336 3182 1358 3237 Ι.

316 3287 346 3350 p.¹
360 3272 434 3328 eoo:
448 3267 597 3344 Ἔγραψε
616 3274 795 3345 (Εὐριπίδης,
815 3275 865 3327 ’τοῦ
886 3281 1033 3344 προτέρου,
1053 3273 1173 3326 incertus
1192 3287 1253 3326 sum
1272 3271 1357 3338 ouius,

316 3359 495 3429 ἀδελφιδοῦς)
511 3355 661 3432 Ὁμηρικὴν
679 3363 804 3417 ἔκδοσιν·
824 3364 848 3415 εἰ
865 3362 905 3431 μὴ
924 3363 977 3431 ἄρα
994 3361 1087 3431 ἑτέρου
1105 3360 1189 3413 ἐστίν.
1218 3358 1355 3428 [Eiusdem

316 3447 442 3502 editionis
460 3449 562 3503 mentio
580 3449 611 3503 fit
629 3449 662 3504 ab
680 3449 757 3503 Eust.
776 3450 810 3504 ed
829 3449 861 3503 Il.
881 3455 906 3517 β.
923 3446 997 3516 865]

756 3565 770 3594 D

410 3617 449 3675 [*)
461 3619 521 3664 Huic
535 3621 610 3665 versui
624 3621 758 3676 adscriptum
777 3621 801 3662 in
817 3620 864 3664 cod.
880 3618 905 3664 Β.
921 3619 1027 3663 Scholion
1040 3618 1160 3675 Porphyrii
1172 3620 1200 3664 sd
1213 3633 1234 3664 v.
1249 3620 1288 3664 198
1301 3618 1353 3662 roie-

314 3689 405 3732 rsndmn
419 3703 468 3734 esso
481 3692 540 3736 vidit
553 3693 681 3747 Beklrerus‚
696 3703 760 3746 quem
774 3691 900 3734 Dindorfins
913 3692 962 3735 iure
976 3693 1066 3734 secutus
1080 3689 1130 3745 ost]

252 3761 254 3764 ’
396 3761 448 3816 [**)
469 3763 573 3807 Scholion
587 3763 707 3820 Porphyrii
726 3765 751 3806 in
769 3764 815 3807 cod.
830 3764 855 3808 B.
875 3776 889 3805 s
907 3775 973 3806 manu
990 3762 1354 3818 secundsexsi.169.ropetitum

269 3827 271 3830 ’
314 3831 430 3877 nokkerus
443 3835 613 3889 Dindoriinsque
627 3834 763 3890 omiserunt]
