2980 4576
336 324 387 378 118
772 329 936 381 Prolegomena.

274 513 326 568 154
334 510 438 569 ordine
466 529 484 568 a
512 510 666 587 rhapsodis
694 511 844 571 decantari
864 512 1081 572 Panathenaeis
1103 511 1376 591 quinquennalibus

333 616 461 674 iusserat
474 609 530 694 ¹⁶),
566 615 597 674 id
625 633 685 674 non
713 617 811 692 potuit
847 618 876 676 ei
906 618 984 677 hanc
1013 619 1122 677 famam
1150 619 1307 691 conficere,
1341 621 1376 674 ut

333 719 448 796 primus
470 720 620 780 diceretur
641 721 727 780 illum
749 722 889 782 intulisse
907 723 1090 783 inAtticam.
1123 723 1187 782 lam
1210 723 1243 781 in
1265 722 1376 780 utrius-

332 843 390 903 que
413 829 541 884 aetatem
563 825 669 884 incidit
688 826 907 902 pulcherrimus
929 828 984 887 flos
1006 828 1107 905 poesis
1128 827 1241 903 lyricae
1255 831 1286 886 et
1301 827 1375 886 ethi-

332 947 383 988 cae
406 948 474 989 curn
497 930 583 989 novis
605 930 797 990 incrementis
819 932 986 1006 tragoediae
1010 937 1041 991 et
1063 931 1246 991 comoediae:
1278 931 1311 990 in
1332 936 1377 989 tot
1486 973 1487 976 ,

331 1035 428 1111 poetis
447 1035 570 1093 forsitan
593 1036 706 1094 fuerint
727 1036 842 1113 plures,
866 1037 917 1114 qui
931 1037 1087 1096 Pisistrato
1107 1042 1137 1096 et
1151 1035 1320 1113 Hipparcho
1343 1037 1376 1094 in

272 1138 322 1192 155
331 1139 413 1198 illam
442 1158 507 1199 rem
535 1140 715 1199 adiutorium
737 1142 882 1216 facerent,
911 1134 1095 1221 praelsertim
1125 1160 1218 1218 quum
1239 1146 1376 1218 uterque,

331 1246 377 1304 uti
413 1246 536 1319 artium,
573 1245 615 1304 ita
651 1246 804 1306 doctorum
840 1247 995 1306 hominum
1027 1247 1250 1306 amantissimus
1286 1252 1374 1306 esset.

330 1349 515 1409 Nominatim
545 1351 626 1410 enirn
654 1351 792 1412 feruntur
821 1371 889 1411 cum
918 1353 957 1412 iis
986 1352 1231 1412 coniunctissime
1260 1353 1375 1412 vixisse
1474 1417 1477 1420 ,

331 1454 468 1532 Orpheus
491 1454 688 1531 Crotoniates,
712 1459 837 1532 scriptor
859 1457 1138 1533 Argonauticorum,
1167 1454 1376 1516 Onomacritus

330 1560 536 1634 Atheniensis,
558 1561 595 1619 ab
609 1560 779 1638 Hipparcho
794 1563 915 1622 civitate
931 1563 1042 1622 eiectus
1065 1567 1182 1640 postea,
1207 1561 1376 1622 Simonides

331 1664 409 1724 (leus
431 1670 463 1723 et
486 1664 579 1724 Teius
601 1661 818 1746 Anacreon¹⁷).
863 1667 978 1726 Horum
998 1667 1092 1743 igitur
1115 1667 1287 1744 quempiam
1307 1685 1376 1726 cou-

330 1770 466 1845 iioiebam
488 1770 549 1830 illis
571 1771 609 1829 ad
623 1771 786 1830 ordinanda
801 1771 939 1831 Carmina
956 1790 1077 1849 operam
1091 1771 1265 1848 praebuisse
1282 1790 1375 1832 suam.

329 1876 399 1951 Ipse
428 1880 509 1934 certe
539 1875 714 1935 Pisistratus
744 1895 864 1936 suarum
892 1895 993 1936 rerum
1026 1877 1189 1954 satagebat,
1222 1876 1272 1936 his
1302 1895 1373 1935 vero

330 1981 424 2040 otimn
457 1985 520 2040 erat
552 1985 583 2039 et
616 1980 781 2058 priscorum
811 1999 934 2059 opernm
966 2000 1074 2058 magna
1106 1980 1304 2058 familiaritas3
1340 1987 1373 2040 ut

330 2084 530 2161 Onomacrito,
552 2087 639 2146 euius
661 2081 803 2146 celebres
817 2086 1062 2163 interpolationes
1076 2084 1187 2163 Orphei
1210 2091 1241 2145 et
1255 2085 1372 2145 Musaei

328 2191 366 2249 ad
388 2191 454 2268 ipsa
475 2191 636 2266 primordia
656 2191 825 2268 scriptionis
847 2192 1040 2252 retrahendae
1065 2195 1143 2251 sunt.

416 2295 619 2355 Temerarium
648 2301 733 2372 puto,
768 2314 807 2355 ex
837 2314 953 2375 quoque
988 2296 1171 2356 deverticulo
1204 2297 1372 2356 fabularum

327 2401 454 2477 vestigia
476 2401 617 2461 historiae
640 2401 828 2479 exsculpere:
860 2401 992 2481 alioquin
1016 2402 1065 2460 his
1088 2402 1266 2462 coniecturis
1295 2403 1373 2462 colo-

326 2524 391 2565 rem
412 2511 444 2566 et
466 2506 555 2565 fidem
585 2524 760 2583 quaererem
783 2525 822 2565 ex
845 2525 893 2581 eo,
926 2507 1004 2584 quod
1034 2507 1066 2565 in
1096 2507 1164 2566 istis
1195 2509 1371 2568 commentis

328 2609 594 2670 Grammaticorum
616 2615 647 2669 et
673 2611 753 2688 apud
776 2610 899 2670 Suidam
921 2611 1077 2672 Pisistrato
1107 2612 1275 2689 complures
1297 2613 1372 2673 socii

327 2716 424 2791 operis
456 2715 673 2776 adscribuntur.
726 2718 766 2775 At
793 2722 959 2777 memoratu
986 2717 1183 2794 dignissimus
1214 2722 1260 2777 est
1287 2719 1372 2778 locus

326 2915 384 2952 rem
401 2900 467 2954 natu
490 2915 569 2968 quarn
589 2899 717 2968 Hippiam
735 2898 940 2968 appellaverim,
964 2899 1054 2954 vietus
1073 2899 1235 2970 gravissima
1253 2901 1370 2955 auetori-

325 2988 380 3040 tate
399 2987 565 3056 Thucydidis
584 2990 611 3040 et
624 2987 819 3056 quodammodo
839 2986 922 3042 etiam
939 2986 1077 3041 Herodoti.

416 3076 459 3142 16)
478 3075 593 3146 Lyeurg.
608 3076 638 3129 in
650 3076 742 3130 Leocr.
761 3093 785 3143 p.
799 3074 858 3128 209.
877 3073 968 3128 Reish
989 3075 1021 3142 [ξ.
1038 3073 1106 3140 102]
1139 3075 1216 3127 Οὕτω
1233 3076 1371 3143 ὑπέλαβον

327 3166 403 3234 ὑμῶν
422 3167 449 3216 οἱ
469 3167 583 3234 πατέρες
601 3163 759 3215 σπουδαῖον
771 3161 842 3215 εἶναι
855 3162 981 3228 ποιητήν,
1002 3159 1066 3222 ὥςτε
1081 3162 1170 3229 νόμον
1182 3163 1288 3228 ἔθεντο,
1306 3161 1367 3215 καθ’

325 3253 445 3326 ῥκάστην
463 3251 661 3319 πενταετηρίδα
678 3257 732 3304 τῶν
748 3253 956 3315 Παναθηναίων
972 3249 1062 3318 μόνον
1079 3257 1134 3303 τῶν
1147 3251 1234 3302 ἄλλων
1247 3259 1370 3317 ποιητῶν

324 3340 517 3408 ῥαψῳδεῖσθαι
545 3338 578 3390 τὰ
600 3338 665 3403 ἔπη,
693 3337 829 3398 ἐπίδειξιν
857 3338 1021 3405 ποιούμενοι
1050 3337 1119 3406 πρὸς
1143 3336 1206 3396 τοὺς
1225 3331 1367 3404 Ἕλληνας,

325 3426 366 3478 ὅτι
385 3426 419 3479 τὰ
435 3429 566 3479 κάλλιστα
585 3433 638 3478 τῶν
656 3426 742 3494 ἔργων
760 3435 940 3496 προηροῠντο.

413 3514 456 3581 17)
477 3513 604 3567 Herodot.
621 3511 687 3580 VH,
706 3515 731 3586 b.
750 3512 826 3566 Plato
843 3512 861 3565 l.
881 3529 903 3566 c.
923 3511 996 3566 Suid.
1015 3511 1087 3565 Tem.
1106 3511 1142 3564 Il.
1161 3527 1221 3580 pag.
1235 3512 1294 3564 719.
1316 3511 1366 3578 [ed.

324 3600 470 3668 Kusterus,
490 3617 511 3654 s.
526 3619 551 3654 v.
568 3597 683 3670 Ὀρφεὺς
694 3601 895 3669 Κροτωνιάτης.
927 3599 964 3654 ef.
983 3615 1056 3652 nunc
1073 3597 1200 3652 Scholion
1212 3597 1365 3652 Plautinum

324 3705 364 3755 ap.
383 3687 548 3744 Meinelrium
568 3689 639 3743 Com.
660 3689 705 3742 Gr.
725 3687 783 3742 Vol.
804 3688 844 3754 II,
868 3687 895 3754 2,
922 3686 988 3740 1237
1009 3701 1048 3754 sq.
1067 3685 1111 3740 vel
1127 3703 1168 3755 ap.
1188 3685 1366 3740 Ritschelium

324 3773 422 3842 Opnse.
441 3775 467 3844 I,
488 3775 538 3829 123
555 3776 624 3845 sqq]
