3048 4588
576 335 738 388 Prolegonrena
1146 336 1180 389 65

226 517 322 592 Quam
343 520 380 579 ob
402 536 483 594 rem,
513 521 548 577 ut
568 517 710 596 pleraque
730 517 763 575 in
788 517 845 576 hoc
866 516 932 576 loco
953 516 1092 593 ambigua
1114 516 1184 590 sint,

137 624 234 684 videri
256 629 357 684 tamen
388 627 479 701 queat
511 623 602 682 ineo
627 623 721 682 latere
743 621 872 699 aliquid,
904 621 982 698 quod
1013 621 1185 697 neglectum

138 729 236 790 adhuc
258 730 295 788 ab
328 729 471 802 eruditis,
503 727 657 805 impulerit
685 731 804 786 veteres
834 726 903 786 illos
932 729 1021 804 atque
1046 726 1185 802 coegerit,

138 838 173 893 ut
194 834 237 892 ibi
260 851 379 911 quoque
401 837 486 892 notas
502 849 556 892 seu
571 832 658 908 signa
672 831 821 908 quaedam
835 830 987 904 viderent,
1011 847 1071 889 non
1085 848 1185 890 veram

140 938 319 1016 scripturam
340 938 516 997 litterarum.
561 937 660 1015 Atque
684 954 723 995 ex
745 937 801 996 hoe
823 953 935 1012 genere
957 935 1058 995 estin
1080 935 1186 1012 primis

140 1043 264 1102 verbum
288 1036 406 1117 δεῖξαι,
430 1042 516 1102 cuius
538 1060 574 1101 ea
595 1045 641 1102 est
662 1041 725 1115 vis,
753 1045 788 1100 ut
810 1041 859 1100 vel
882 1040 1059 1100 acerrimum
1082 1040 1186 1100 adver-

142 1149 252 1208 sarium
280 1148 430 1208 sententia
459 1166 513 1208 sua
538 1147 664 1206 deiiciat.
708 1145 786 1205 Nam
813 1147 841 1206 si
872 1146 909 1206 de
932 1147 1046 1224 perlato
1069 1151 1100 1206 et
1121 1147 1186 1208 red-

141 1253 202 1312 dito
225 1253 336 1329 scripto
355 1253 527 1330 loqueretur
550 1251 711 1326 Homerus,
733 1255 786 1310 aut
806 1251 946 1330 equidem
966 1251 1032 1312 eius
1055 1254 1187 1329 proprie-

141 1362 234 1417 tatem
257 1363 288 1416 et
312 1358 559 1417 consuetudinem
589 1356 732 1435 loquendi
756 1355 877 1433 penitus
898 1356 1016 1432 nescio,
1043 1362 1095 1416 aut
1117 1376 1187 1417 eum

142 1463 200 1522 alio
223 1462 333 1541 quovis
355 1481 446 1540 quam
467 1462 519 1521 illo
538 1463 627 1521 verbo
642 1480 768 1522 usurum
787 1461 882 1522 fuisse
897 1463 1050 1521 contendo.
1080 1462 1186 1541 Neque

145 1586 215 1626 vero
238 1569 296 1627 hoc
317 1571 434 1627 tantum
454 1568 618 1642 contendo,
650 1567 704 1626 sed
725 1585 804 1644 nego
825 1572 995 1645 praeterea,
1018 1586 1187 1646 quenquam

143 1676 278 1749 poetam,
299 1691 355 1731 nec
374 1672 522 1733 (ireseum
544 1691 601 1731 neo
619 1672 777 1747 Latinum,
803 1690 842 1732 ne
865 1673 1102 1732 amantissimum
1123 1675 1188 1751 qui·
1305 1681 1306 1686 ’

143 1777 213 1836 dem
236 1777 393 1836 audacium
416 1777 641 1853 vocabulorum,
668 1779 845 1864 'memorandi
872 1795 926 1838 seu
949 1779 1105 1836 ostendendi
1125 1798 1188 1838 ver-

143 1883 216 1942 bum
237 1882 374 1958 posuisse
399 1882 436 1941 de
466 1882 592 1959 epistula
619 1882 777 1943 reddenda.
824 1883 925 1942 Minus
955 1901 1004 1944 me
1026 1884 1190 1944 offenderet

144 1983 232 2068 σῆμα
265 1977 400 2045 ἰδέσθαι
432 2006 459 2046 v.
486 1989 558 2046 176.
592 1986 625 2045 in
657 1985 786 2046 lectione
819 1987 937 2063 scripti,
971 1988 1029 2047 etsi
1057 2007 1115 2048 nee
1133 1990 1190 2049 hoc

144 2092 219 2151 satis
241 2090 433 2151 Homericum
452 2098 603 2168 putarem:
626 2109 708 2151 nunc
729 2096 890 2170 utrumque
912 2093 1048 2153 eiusdem
1070 2095 1190 2170 generis

144 2215 213 2257 esse
236 2202 366 2274 apparet.
412 2197 529 2256 Addere
558 2197 644 2274 plura
666 2197 773 2256 taedet.
799 2197 802 2263 1
826 2197 926 2256 Unum
949 2217 1103 2275 quaeram:
1130 2205 1232 2274 tor-36

144 2320 278 2379 querene
312 2301 411 2379 potius
445 2307 476 2361 et
506 2307 677 2379 pervertere
710 2302 829 2362 decebit
862 2321 1029 2363 sermonem
1059 2304 1190 2380 Homeri,

144 2425 237 2484 quam
258 2406 532 2483 interpretationem
555 2411 706 2481 veterum,
734 2425 810 2486 quae
833 2412 863 2466 et
883 2407 1003 2468 illorum
1026 2413 1057 2468 et
1076 2413 1191 2469 nostro·

143 2531 214 2571 rum
236 2517 405 2589 temporum
427 2513 497 2572 usui
518 2513 682 2589 repugnet,
704 2512 863 2590 amplecti?

235 2617 338 2692 Qualis
360 2622 461 2677 tamen
479 2618 532 2677 ille
546 2635 611 2677 mos
626 2617 730 2692 fuerit,
754 2618 853 2695 qualia
869 2619 955 2694 signa
972 2620 1085 2696 Proeti,
1107 2621 1190 2681 Ioba-

144 2729 195 2782 tae
216 2728 393 2798 monstrata,
415 2741 556 2800 quaerere
579 2728 625 2782 est
644 2723 721 2782 alius
742 2723 810 2782 loci.
856 2723 985 2786 Veteres
1000 2725 1191 2786 Grammatici

145 2829 221 2906 quid
243 2829 440 2901 coniecerint,
463 2828 649 2903 ignoramus,
670 2827 730 2886 nisi
746 2829 825 2905 quod
846 2829 933 2906 pauci
954 2828 1074 2890 illorum
1088 2832 1191 2891 viden-

145 2937 199 2992 tur
225 2952 259 2992 ea
286 2935 319 2992 in
348 2951 473 2992 munero
502 2923 731 3016 ἱερογλυφικῶν
758 2933 913 3010 habuisse,
943 2936 1192 3012 quemadmodum

146 3039 252 3117 plures
274 3038 362 3097 hodie
391 3033 589 3118 fecerunt48).
634 3039 674 3096 At
699 3037 869 3114 Apollodori
897 3038 996 3097 locum
1018 3040 1103 3099 illurn
1124 3059 1193 3099 oum

147 3203 303 3272 γράμματα
325 3201 446 3254 ἐνταῦθα
464 3201 573 3270 σήματα
593 3199 822 3269 φιλοσοφώτερον
839 3201 996 3252 autricum*
1020 3207 1122 3269 σημεῖα
1140 3203 1194 3272 γὰρ

148 3292 251 3359 φωνῶν
271 3290 317 3340 καὶ
335 3290 483 3354 νοημάτων
502 3290 547 3339 καὶ
568 3288 740 3358 πραγμάτων
758 3288 813 3338 εἰσὶ
831 3287 865 3338 τὰ
882 3289 1041 3359 γράμματα.
1077 3289 1193 3344 Exilis

147 3380 225 3430 τισὶν
243 3376 286 3429 est
303 3375 392 3430 Schol.
411 3376 475 3430 Cod.
494 3374 541 3444 B.,
568 3376 678 3445 σήματα
704 3373 844 3442 explicans
870 3374 979 3444 vulgari
1003 3377 1081 3431 modo
1105 3379 1194 3446 γράμ-

146 3482 239 3534 ματαε
266 3479 300 3516 ne
325 3462 507 3525 ,Plutarchum
534 3465 561 3516 et
587 3462 656 3516 alios
683 3462 828 3531 scriptores
853 3478 1013 3531 memorem,
1042 3463 1089 3533 qui
1116 3465 1194 3518 niodo

148 3551 405 3620 Bellerophonteam
422 3551 583 3616 ἐπιστολήν,
600 3550 680 3604 modo
696 3550 848 3620 γράμματα
866 3550 994 3619 garriunt.

220 3637 267 3706 48)
287 3637 321 3691 V.
339 3654 362 3692 0.
380 3637 518 3692 Baehetus
535 3637 628 3691 Mezir.
647 3637 681 3690 ad
700 3636 779 3691 Ouid.
798 3637 864 3706 Epp.
879 3635 989 3690 Heroid.
1008 3625 1035 3690 Τ.
1054 3635 1075 3690 Ι.
1095 3653 1120 3705 p.
1135 3635 1195 3691 328.

148 3725 241 3780 Huius
268 3727 361 3780 tamen
387 3724 500 3780 rationis
528 3725 663 3795 quoddam
689 3724 837 3794 vestigium
865 3725 907 3776 est
932 3723 962 3776 in
978 3723 1119 3794 exsignato
1137 3723 1197 3778 loco

149 3813 299 3868 Eustathii.

197 3899 298 3942 Wolfii
312 3898 476 3950 Prolegomena.
504 3899 578 3941 Editio
592 3899 629 3941 ΠΙΔ
669 3940 672 3952 ,
1003 3889 1021 3946 5
