2980 4576
586 339 750 393 Prolegomena.
1149 338 1200 392 159

153 522 393 599 quaesivissent,
414 522 557 582 facillime
579 526 610 582 et
631 521 855 582 accuratissime
877 522 1037 582 disserent.
1081 521 1118 581 In
1139 519 1200 597 pri-

152 626 274 704 misque
297 645 387 704 saepe
409 626 499 704 periti
520 627 643 704 linguae
665 625 841 702 Hebraicae,
873 626 959 686 cuius
983 630 1084 686 tamen
1106 643 1200 702 quan·

152 731 252 790 tillem
274 735 391 808 partem
413 729 665 808 complectantrir,
696 731 828 791 viderint
848 731 922 809 ipsi,
945 731 1079 791 deridere
1103 731 1201 790 solent

151 835 315 896 Philonem
343 836 502 911 Iudaeum,
534 834 707 913 Origenem,
736 836 967 912 Hieronymum,
997 839 1100 913 utpote
1127 852 1200 913 quo·

151 959 224 1000 rum
245 941 376 1018 cognitio
398 940 532 1001 florentis
555 941 652 1001 adhuc
680 941 801 1018 linguae
822 935 920 1022 lonlge
942 944 1055 1027 remota
1079 944 1142 1000 erat
1162 939 1260 999 111206

152 1065 193 1106 ea
216 1047 395 1122 subtilitate,
417 1065 507 1124 quam
529 1047 675 1124 professio
698 1045 890 1107 Grammatici
911 1046 1047 1123 exigeret
1058 1039 1108 1127 ⁷⁴}
1149 1057 1151 1062 '

243 1151 343 1228 Atque
364 1151 403 1210 ad
424 1152 502 1212 hanc
531 1156 658 1212 aetatem
682 1151 810 1213 Graecae
840 1152 961 1228 linguae
984 1149 1201 1228 retorquendus
1256 1205 1263 1219 ,

151 1259 205 1316 est
220 1257 345 1316 'animus
367 1261 482 1332 noster,
513 1261 547 1316 ut
574 1257 612 1316 de
641 1257 746 1335 primis
771 1257 845 1317 artis
876 1256 1047 1317 auctoribus
1067 1259 1148 1316 recte
1170 1258 1202 1314 et

148 1379 227 1422 cum
249 1361 397 1438 aequitate
419 1361 596 1422 iudicemus.
641 1362 729 1440 Ipsae
758 1362 880 1440 quidem
902 1361 1045 1422 Zenodoti
1074 1361 1201 1438 scriptu-

147 1483 209 1526 rae
230 1465 392 1543 diiigenter
422 1484 567 1527 excussae
587 1467 746 1527 manifesto
764 1466 940 1538 ostendunt,
970 1465 1080 1526 multas
1102 1467 1201 1525 ohser-

147 1571 292 1632 vationes
320 1577 351 1632 et
379 1573 501 1650 regulas
529 1572 675 1633 sermonis
699 1577 833 1651 tempore
863 1573 947 1632 illius
977 1572 1111 1632 nondum
1131 1589 1201 1634 con-

148 1677 285 1751 stitisse,
317 1695 391 1754 quas
419 1696 501 1737 nunc
528 1677 607 1737 docti
632 1658 804 1755 indoctique
832 1679 924 1754 vulgo
954 1678 1115 1756 sequimur.
1161 1676 1201 1735 Ut

147 1781 195 1840 de
219 1780 356 1841 duahbus
375 1800 436 1841 non
457 1781 605 1859 ponendis
627 1783 693 1843 viee
719 1777 951 1860 pluraliumll),
978 1782 1019 1871 Ι11
1041 1781 1199 1843 Homerico

148 1903 217 1944 usu
237 1880 425 1967 articuli⁷⁶),
447 1886 485 1945 11
507 1887 704 1964 potestatibus
726 1887 861 1965 plurium
885 1881 888 1969 1
913 1887 1139 1962 vocabulorum,
1160 1887 1258 1952 11207

246 2045 290 2112 74)
310 2045 360 2100 Cui
377 2045 487 2116 ignotus
507 2048 548 2101 est
566 2045 723 2115 Scioppius,
742 2046 895 2099 cloacinam
915 2043 1130 2100 &commaticam
1146 2045 1199 2102 Ro-

151 2147 297 2187 manorum
314 2132 417 2201 ubique
444 2134 577 2201 crepans?
613 2133 671 2188 Nec
698 2133 788 2188 levius
815 2134 867 2188 Ios.
886 2133 1006 2204 Scaliger
1033 2135 1145 2201 questus
1172 2135 1200 2186 et

151 2219 206 2274 alii
225 2220 257 2272 de
284 2219 429 2274 ineruditis
457 2220 522 2274 olim
549 2221 648 2296 studiis
675 2221 784 2292 linguae
811 2220 969 2275 Hebraicae.
1007 2219 1106 2274 Contra
1132 2236 1199 2290 quos

151 2306 276 2362 breviter
294 2308 343 2361 sed
360 2309 560 2363 accommodate
579 2310 614 2364 ad
631 2309 705 2364 hunc
722 2309 813 2364 locum
824 2311 947 2362 nostrum
960 2308 1080 2377 disputat
1093 2309 1198 2362 Ernest.
1218 2315 1219 2319 ’

153 2395 257 2464 Opusc.
275 2394 368 2463 philol.
386 2413 412 2464 p.
435 2394 494 2450 296.
507 2411 566 2466 sqq.

212 2486 215 2490 ’
247 2483 291 2550 75)
311 2484 382 2537 Vide
401 2484 436 2538 ad
453 2502 480 2553 ν.
498 2483 557 2537 279.
574 2483 634 2538 459.
660 2483 708 2537 ubi
726 2483 754 2537 Z.
778 2483 913 2538 scribebat
931 2484 1104 2538 ἀποτίνετον.
1124 2483 1199 2552 (011.

149 2571 312 2624 ἀποτίνετε.
331 2570 359 2638 [l
376 2571 550 2625 Aristarchus
575 2571 757 2642 ’ἀποτινέμεν
780 2571 842 2625 ἀντὶ
860 2573 910 2624 τοῦ
929 2571 1109 2638 decalvant]
1147 2571 1200 2626 Sed

149 2656 246 2714 satius
265 2660 307 2712 est
323 2659 421 2712 menda
432 2657 602 2712 Scholiorum
620 2657 703 2712 tacite
722 2657 875 2728 corrigere.)
895 2659 983 2720 ζ.112.
997 2659 1200 2713 13411621.

34 2779 37 2786 ⁴
151 2766 178 2798 o.
197 2744 256 2798 347.
271 2757 295 2798 o.
309 2744 369 2799 287.
383 2755 415 2814 ψ.
429 2745 488 2800 753.
508 2746 568 2800 add.
588 2765 615 2797 ω.
635 2744 693 2802 282.
711 2745 759 2800 ubi
777 2745 807 2800 in
825 2746 981 2800 societatem
998 2746 1081 2801 huius
1102 2747 1200 2801 erroris

149 2831 330 2887 adducuntur
347 2832 439 2887 Crates
458 2834 485 2886 et
502 2832 705 2900 Eratosthenes,
718 2834 856 2892 ’θέλοντες
880 2839 1049 2902 συγχεῖσθαι
1066 2834 1100 2886 τὰ
1118 2834 1201 2888 dotat

150 2917 225 2988 παρ’
239 2913 357 2994 Ὁμήρῳ.
392 2923 433 2975 Ac
450 2920 542 2989 phues
560 2937 577 2974 a
594 2920 671 2974 nobis
685 2919 748 2973 addi
764 2922 874 2988 possent
891 2923 984 2989 poetae
1000 2921 1200 2976 Alexandrinae
1241 2915 1247 2926 '

150 3009 184 3060 et
213 3008 392 3074 posteriorum
416 3009 549 3076 aetatum,
578 3008 625 3077 qui
652 3007 729 3062 illem
755 3007 953 3076 confusionem,
985 3025 1066 3078 quam
1094 3012 1121 3063 et
1146 2997 1200 3078 i'psi

149 3092 344 3164 imitabantur,
371 3095 401 3148 in
423 3095 541 3150 Homero
564 3096 677 3150 fortasse
707 3095 742 3149 ad
769 3094 936 3164 exquisitum
963 3112 1115 3151 sermonem
1140 3097 1200 3150 sire
1223 3167 1225 3173 Ι

150 3181 194 3236 ad
211 3181 348 3237 licentiam
369 3183 429 3237 aeri
447 3183 552 3236 ἀοιδῶν
568 3171 727 3236 1111111111.

178 3257 181 3263 ’
246 3270 290 3338 76)
308 3272 443 3324 Accurata·
460 3272 552 3326 nostra
573 3270 724 3339 praeceptio
749 3270 783 3323 11
800 3269 852 3324 hac
868 3285 910 3339 re,
936 3271 1008 3326 siout
1032 3270 1086 3326 alia
1102 3270 1199 3326 huius-

71 3364 77 3374 ’
150 3356 231 3410 modi
242 3357 373 3426 plurima,
391 3358 543 3413 Aristarchi
556 3359 608 3426 est,
628 3357 675 3427 qui
688 3357 792 3425 docuit,
810 3357 960 3412 Homerum
973 3359 1100 3425 συνήθως
1118 3359 1200 3411 ἐλλεί-

152 3461 223 3498 πειν
239 3450 298 3504 τοῖς
316 3447 440 3514 ἄρθροις.
459 3446 492 3499 V.
509 3445 631 3514 Apollon.
651 3444 728 3499 Alex.
749 3445 782 3498 de
800 3444 877 3514 Synt.
896 3445 918 3500 1.
935 3464 962 3515 p.
981 3445 1023 3498 84.
1044 3445 1082 3514 [1,
1096 3445 1120 3514 2,
1134 3462 1160 3513 p.
1174 3445 1200 3499 6.

151 3531 254 3600 Beklc]
271 3532 410 3591 Plutarch.
430 3532 498 3596 Plat.
518 3533 628 3599 Quaest.
647 3550 672 3601 p.
688 3532 811 3586 11111).
830 3534 858 3586 11
874 3533 977 3601 passim
995 3532 1095 3586 Scholl.
1116 3533 1214 3588 Zeno.

152 3621 220 3674 doto
246 3619 343 3690 igitur,
360 3620 439 3688 ‘apud
465 3623 571 3689 potitam
596 3636 678 3673 usum
711 3619 754 3674 sui
783 3621 885 3674 saeculi
913 3620 1066 3689 quaerenti,
1099 3620 1200 3674 multas

151 3709 287 3762 lectiones
304 3709 449 3762 mutandas
460 3708 549 3762 videri
566 3723 677 3761 necesse
694 3707 754 3761 fuit.
791 3707 834 3762 Ita
851 3707 894 3760 illi
907 3703 1009 3768 Ὀϊλεὺς
1028 3707 1107 3762 facile
1120 3709 1201 3762 fiebat

155 3799 173 3850 ὁ
192 3790 288 3857 Ἰλεύςε
307 3814 334 3850 r.
348 3797 382 3851 ad
401 3795 483 3850 Catal.
502 3795 543 3849 34.
565 3794 688 3864 [1527]
706 3815 737 3865 μ.
751 3795 810 3848 365.
823 3793 853 3848 ν.
866 3794 925 3849 203.
945 3795 1005 3849 694.
1024 3795 1083 3849 712.
1103 3816 1126 3849 ο.
1139 3797 1199 3854 333,
1300 3853 1303 3861 ,
