2984 4580
337 339 389 394 208
782 335 947 389 Prolegomena.

337 513 469 596 here⁵³).
520 519 584 577 Hoc
616 519 644 576 is
673 522 770 592 recte,
803 535 895 577 sensu
927 517 979 576 illc
1012 515 1102 576 dixit:
1138 515 1192 575 sed
1222 533 1379 592 perperam

336 624 513 683 transfertrn
535 622 573 682 ad
594 623 839 682 honorationem
860 621 1002 681 criticam.
1047 619 1112 680 Nec
1134 621 1194 679 iam
1215 619 1320 698 loquor
1341 619 1379 678 de

336 729 485 803 versibus,
510 745 584 805 quos
607 726 721 785 dudum
742 727 925 786 oblitteravit
939 725 1104 786 Aristarchi
1127 725 1271 786 recensio.
1304 723 1381 784 Sub-

336 833 424 892 traoti
454 837 525 892 sunt
552 832 611 910 iili;
641 832 790 896 Homerus
820 849 927 908 passus
955 835 1015 908 est;
1048 848 1137 890 nemo
1166 830 1266 890 sentit.
1321 827 1382 888 Sed

337 939 455 998 nulium
477 943 524 999 est
543 937 666 1022 omnino
688 954 785 1014 genus
816 937 1007 1014 scriptorum,
1037 936 1086 995 cui
1115 935 1234 1000 facilius
1257 931 1383 994 etcum

336 1044 452 1104 minore
476 1042 633 1120 dispendio
663 1042 880 1102 sententiarum
907 1040 1021 1118 aliquid
1050 1041 1131 1100 demi
1152 1040 1260 1117 possit,
1291 1057 1383 1116 quam

278 1159 329 1214 269
337 1149 385 1207 his
408 1141 547 1221 ἀοιδοῖς,
582 1141 585 1228 i
618 1147 730 1223 quippe
760 1163 887 1225 quorum
909 1146 1001 1204 oratio
1023 1144 1149 1205 iuvenili
1170 1145 1307 1204 ubertate
1329 1161 1384 1219 per

337 1253 442 1330 longas
466 1252 607 1328 ambages
628 1251 801 1326 deducitur,
824 1255 856 1312 et
877 1251 957 1328 apud
979 1266 1054 1328 quos
1076 1267 1166 1327 saepe
1188 1248 1316 1324 levium,
1347 1247 1385 1306 ad

337 1362 473 1418 nostrum
496 1356 618 1434 quidem
640 1373 777 1432 sensnm,
800 1374 835 1416 ac
850 1355 1034 1415 minutarum
1049 1373 1150 1415 rerum
1165 1355 1264 1431 imago
1279 1353 1383 1431 spirat.

337 1463 442 1541 Neque
465 1462 545 1538 apud
567 1479 619 1522 eos
639 1462 867 1538 comprehensio
887 1466 919 1521 et
939 1461 1069 1521 ambitus
1083 1461 1242 1520 verborum
1264 1459 1311 1520 sic
1326 1464 1385 1520 ter-

338 1569 469 1628 minatur
490 1567 663 1644 artificiose,
687 1571 722 1626 ut
741 1566 927 1644 perpetuitas
949 1569 1107 1626 contextus
1126 1565 1247 1625 tollatur
1261 1565 1385 1642 dempto

338 1673 437 1750 aliquo
469 1671 631 1756 nersicui03
666 1671 740 1749 quin
771 1675 873 1730 contra
902 1671 944 1730 ita
972 1689 1187 1749 nonnunquam
1215 1670 1253 1729 ad
1280 1670 1385 1730 doctas

338 1795 426 1837 aures
448 1777 558 1852 gratior
580 1777 673 1836 currit
689 1775 846 1836 sententia.
892 1775 952 1836 Sed
972 1777 1041 1836 nolo
1063 1794 1144 1835 nunc
1166 1793 1270 1836 causas
1293 1775 1386 1835 huius
1442 1791 1444 1798 ’

339 1881 463 1942 rationis
477 1881 655 1941 emendandi
668 1881 824 1959 persequi3
849 1881 922 1958 quid
943 1881 1114 1942 Aristarcho
1136 1881 1297 1957 placuerit,
1321 1882 1385 1940 bre·
1477 1917 1478 1930 ,

338 1989 417 2048 viter
438 1992 470 2047 et
492 1985 670 2063 simpliciter
691 1986 815 2046 tradam.

426 2091 586 2152 Enimvero
615 2093 746 2171 primum
775 2091 861 2154 nobis
889 2091 957 2152 fons
990 2091 1178 2168 indagandus
1211 2094 1273 2165 est,
1307 2090 1387 2150 unde

339 2190 525 2277 ἄθετήσεως
553 2197 691 2275 exempla
719 2200 865 2273 petamus.
917 2195 1054 2274 Namque
1085 2194 1273 2255 celeberrimi
1304 2195 1387 2254 iilius

339 2303 418 2361 obeli
444 2305 505 2362 tam
532 2321 599 2362 rara
620 2302 748 2378 vestigia
767 2305 893 2360 exstant
923 2303 978 2363 sub
1001 2301 1165 2361 Aristarchi
1187 2300 1324 2375 nomine,
1355 2304 1388 2358 ut

339 2412 481 2484 congesta
503 2426 543 2468 ex
562 2407 703 2482 Scholiis,
726 2424 765 2465 ex
779 2405 950 2482 EustathiO,
973 2424 1012 2466 ex
1033 2407 1159 2484 reliquis
1181 2405 1387 2482 scriptoribus,

340 2513 439 2572 omnia
460 2513 513 2572 vix
535 2513 660 2589 triginta
681 2512 818 2572 versibus
841 2511 1042 2588 suspicionem
1063 2511 1233 2589 importent.
1270 2510 1318 2570 Ea
1339 2527 1387 2570 res

339 2635 388 2676 me
409 2618 595 2695 pedetentim
616 2617 743 2676 adduxit
764 2617 797 2675 in
818 2617 896 2677 hanc
917 2617 1102 2694 opinionem,
1132 2621 1167 2676 ut
1186 2615 1274 2675 hodie
1303 2609 1386 2674 ἀθε-

340 2715 448 2802 τήσεις
477 2722 636 2782 clarissimi
666 2721 770 2782 Oritici
801 2722 896 2782 multo
925 2722 1046 2799 saepius
1071 2721 1133 2798 legi
1160 2725 1265 2798 putem
1292 2739 1386 2800 quam

340 2843 450 2884 nomen
471 2825 551 2901 eiua,
580 2826 734 2903 multoque
764 2827 907 2885 maiorem
936 2830 1053 2902 partem
1079 2825 1264 2885 notationum
1295 2825 1386 2884 huius

341 2931 475 3007 generis,
496 2948 572 3009 quae
593 2931 626 2990 in
642 2931 770 2992 Schoiiis
789 2931 854 2991 sine
876 2936 996 2991 auctore
1014 2926 1245 3010 afferuntur54),
1267 2931 1385 2991 adeius
1477 2975 1478 2978 ,

429 3097 473 3165 53)
493 3096 599 3152 Saturn.
619 3096 653 3164 V,
672 3097 696 3150 3.
751 3129 752 3132 =

428 3184 473 3253 54)
495 3183 558 3238 Sive
576 3184 658 3239 verbo
671 3183 823 3247 ἀθετεῖται,
842 3181 871 3235 in
884 3181 983 3238 Schoil.
1002 3183 1137 3252 adscripto
1152 3183 1313 3252 simpliciter
1325 3199 1384 3238 ver-

341 3272 417 3328 sibus
434 3271 482 3342 iis,
508 3272 555 3341 qui
578 3271 608 3324 in
631 3273 710 3324 textu
732 3270 958 3340 praestantissimi
983 3271 1040 3325 cod.
1059 3271 1167 3341 virgula
1190 3271 1290 3341 signati
1310 3273 1382 3326 sunt:

316 3414 318 3419 .
341 3362 373 3413 ut
389 3359 419 3413 in
435 3359 526 3427 rhaps.
553 3378 578 3411 u.
596 3357 717 3412 29-31.
743 3357 802 3411 110.
828 3357 886 3410 133.
913 3357 971 3410 139.
992 3357 1207 3412 1931124444,
1227 3358 1301 3426 474.;
1326 3357 1383 3412 sive

342 3447 433 3501 addito
450 3463 509 3501 voc.
529 3445 635 3514 ὀβελός.·
654 3447 686 3499 ut
707 3451 735 3498 θ.
753 3445 812 3499 235.
833 3446 861 3499 at
878 3445 906 3498 id
924 3445 1070 3500 rarissime.
1107 3444 1177 3500 Sunt
1193 3447 1285 3500 tamen
1304 3447 1383 3500 etiam

341 3534 407 3603 loci,
433 3535 480 3604 qui
504 3533 629 3588 intentu
652 3533 762 3603 quidam
779 3533 881 3587 habent
898 3533 1034 3604 virgulam
1053 3549 1074 3587 s.
1095 3532 1215 3602 obelum,
1240 3535 1289 3587 sed
1312 3533 1381 3587 indi·

342 3623 416 3676 cium
443 3622 502 3676 eins
530 3622 606 3676 deest
631 3622 661 3674 in
688 3620 787 3676 Scholl.
832 3620 901 3674 Vide
926 3621 960 3675 ad
987 3641 1011 3674 α,
1030 3619 1106 3687 96.*)
1130 3621 1191 3676 493.
1217 3620 1327 3690 [Obclus
1357 3621 1382 3674 et

437 3758 465 3814 [')
482 3758 548 3812 Apud
565 3757 701 3800 Dindonium
720 3756 793 3800 Schol.
814 3757 907 3808 legitur:
931 3746 1022 3795 τοῦνεκ’
1041 3745 1077 3814 ἄρ’
1096 3746 1167 3810 ἄλγε’]
1189 3745 1323 3806 iteratam,
1345 3750 1380 3798 ὅτι

342 3821 464 3888 περισσός·
480 3820 603 3887 πρόκειται
617 3821 661 3887 γὰρ
677 3818 747 3869 “u'ii'
762 3817 819 3868 ἕνεκ’
833 3817 959 3886 ἀρητῆρος,
975 3819 1002 3866 ὃν
1017 3817 1112 3880 ἦτίμησ’
1128 3817 1310 3882 Ἆγαμέμνων”,]
