<?xml version="1.0" encoding="UTF-8"?>
<!DOCTYPE html PUBLIC "-//W3C//DTD XHTML 1.0 Transitional//EN"
    "http://www.w3.org/TR/xhtml1/DTD/xhtml1-transitional.dtd">
<html xmlns="http://www.w3.org/1999/xhtml" xml:lang="en" lang="en">
 <head>
  <title>
</title>
<meta http-equiv="Content-Type" content="text/html;charset=utf-8" />
  <meta name='ocr-system' content='tesseract 3.04.00' />
  <meta name='ocr-capabilities' content='ocr_page ocr_carea ocr_par ocr_line ocrx_word'/>
</head>
<body>
  <div class='ocr_page' id='page_1' title='image "./prolegomenaadho05wolfgoog/prolegomenaadho05wolfgoog_0127.png"; bbox 0 0 2980 4576; ppageno 0'>
   <div class='ocr_carea' id='block_1_1' title="bbox 539 287 1160 392">
    <p class='ocr_par' dir='ltr' id='par_1_1' title="bbox 539 287 1160 392">
     <span class='ocr_line' id='line_1_1' title="bbox 539 287 1160 392; baseline 0.002 -1"><span class='ocrx_word' id='word_1_1' title='bbox 539 287 719 391; x_wconf 22' lang='lat' dir='ltr'>*Prolemmena</span> <span class='ocrx_word' id='word_1_2' title='bbox 1110 340 1160 392; x_wconf 91' lang='lat'>111</span> 
     </span>
    </p>
   </div>
   <div class='ocr_carea' id='block_1_2' title="bbox 6 519 1218 2794">
    <p class='ocr_par' dir='ltr' id='par_1_2' title="bbox 121 519 1162 596">
     <span class='ocr_line' id='line_1_2' title="bbox 121 519 1162 596; baseline 0.001 -20"><span class='ocrx_word' id='word_1_3' title='bbox 121 521 148 576; x_wconf 90' lang='lat' dir='ltr'>et</span> <span class='ocrx_word' id='word_1_4' title='bbox 175 520 341 595; x_wconf 84' lang='lat' dir='ltr'>genuinum</span> <span class='ocrx_word' id='word_1_5' title='bbox 369 519 547 578; x_wconf 79' lang='lat' dir='ltr'>restituisse.</span> <span class='ocrx_word' id='word_1_6' title='bbox 597 519 664 578; x_wconf 90' lang='lat' dir='ltr'>Huc</span> <span class='ocrx_word' id='word_1_7' title='bbox 694 539 764 596; x_wconf 84' lang='lat' dir='ltr'>ergo</span> <span class='ocrx_word' id='word_1_8' title='bbox 792 522 915 578; x_wconf 90' lang='lat' dir='ltr'>trahunt</span> <span class='ocrx_word' id='word_1_9' title='bbox 943 519 1081 580; x_wconf 79' lang='lat' dir='ltr'>Carmina</span> <span class='ocrx_word' id='word_1_10' title='bbox 1110 520 1162 577; x_wconf 92' lang='lat' dir='ltr'>illa</span> 
     </span>
    </p>

    <p class='ocr_par' dir='ltr' id='par_1_3' title="bbox 120 612 1160 705">
     <span class='ocr_line' id='line_1_3' title="bbox 120 612 1160 705; baseline 0.001 -24"><span class='ocrx_word' id='word_1_11' title='bbox 120 618 262 701; x_wconf 79' lang='lat' dir='ltr'>confusa,</span> <span class='ocrx_word' id='word_1_12' title='bbox 286 616 576 700; x_wconf 75' lang='grc' dir='ltr'><em>διεσπασμένα,</em></span> <span class='ocrx_word' id='word_1_13' title='bbox 598 618 819 705; x_wconf 73' lang='grc' dir='ltr'><em>διῃρημένα,</em></span> <span class='ocrx_word' id='word_1_14' title='bbox 846 618 1045 704; x_wconf 79' lang='grc' dir='ltr'><em>σποράδην</em></span> <span class='ocrx_word' id='word_1_15' title='bbox 1067 612 1160 704; x_wconf 74' lang='grc' dir='ltr'><em>ᾀδό-</em></span> 
     </span>
    </p>

    <p class='ocr_par' dir='ltr' id='par_1_4' title="bbox 117 727 1161 805">
     <span class='ocr_line' id='line_1_4' title="bbox 117 727 1161 805; baseline 0.002 -20"><span class='ocrx_word' id='word_1_16' title='bbox 117 745 225 802; x_wconf 83' lang='grc' dir='ltr'><em>μενα,</em></span> <span class='ocrx_word' id='word_1_17' title='bbox 249 729 333 786; x_wconf 81' lang='lat' dir='ltr'>velut</span> <span class='ocrx_word' id='word_1_18' title='bbox 355 728 479 787; x_wconf 87' lang='lat' dir='ltr'>disiecta</span> <span class='ocrx_word' id='word_1_19' title='bbox 501 733 533 786; x_wconf 87' lang='lat' dir='ltr'>et</span> <span class='ocrx_word' id='word_1_20' title='bbox 554 729 672 786; x_wconf 88' lang='lat' dir='ltr'>turbata</span> <span class='ocrx_word' id='word_1_21' title='bbox 686 729 758 787; x_wconf 89' lang='lat' dir='ltr'>vitio</span> <span class='ocrx_word' id='word_1_22' title='bbox 776 729 1002 805; x_wconf 89' lang='lat' dir='ltr'>rhapsodorum;</span> <span class='ocrx_word' id='word_1_23' title='bbox 1027 727 1161 787; x_wconf 89' lang='lat' dir='ltr'>omnino-</span> 
     </span>
    </p>

    <p class='ocr_par' dir='ltr' id='par_1_5' title="bbox 117 832 1161 910">
     <span class='ocr_line' id='line_1_5' title="bbox 117 832 1161 910; baseline 0.001 -21"><span class='ocrx_word' id='word_1_24' title='bbox 117 850 172 908; x_wconf 85' lang='lat' dir='ltr'>que</span> <span class='ocrx_word' id='word_1_25' title='bbox 195 837 311 890; x_wconf 90' lang='lat' dir='ltr'>tantum</span> <span class='ocrx_word' id='word_1_26' title='bbox 343 833 375 890; x_wconf 90' lang='lat' dir='ltr'>in</span> <span class='ocrx_word' id='word_1_27' title='bbox 397 834 453 892; x_wconf 91' lang='lat' dir='ltr'>hoc</span> <span class='ocrx_word' id='word_1_28' title='bbox 479 833 598 908; x_wconf 84' lang='lat' dir='ltr'>negotio</span> <span class='ocrx_word' id='word_1_29' title='bbox 620 833 796 910; x_wconf 88' lang='lat' dir='ltr'>relinquunt</span> <span class='ocrx_word' id='word_1_30' title='bbox 817 833 944 906; x_wconf 91' lang='lat' dir='ltr'>homini,</span> <span class='ocrx_word' id='word_1_31' title='bbox 974 832 1027 909; x_wconf 91' lang='lat' dir='ltr'>qui</span> <span class='ocrx_word' id='word_1_32' title='bbox 1057 850 1096 890; x_wconf 89' lang='lat' dir='ltr'>ex</span> <span class='ocrx_word' id='word_1_33' title='bbox 1125 851 1161 891; x_wconf 88' lang='lat' dir='ltr'>eo</span> 
     </span>
    </p>

    <p class='ocr_par' dir='ltr' id='par_1_6' title="bbox 115 933 1161 1016">
     <span class='ocr_line' id='line_1_6' title="bbox 115 933 1161 1016; baseline 0 -21"><span class='ocrx_word' id='word_1_34' title='bbox 115 938 178 1012; x_wconf 90' lang='lat' dir='ltr'>ipso</span> <span class='ocrx_word' id='word_1_35' title='bbox 193 938 357 996; x_wconf 85' lang='lat' dir='ltr'>maximam</span> <span class='ocrx_word' id='word_1_36' title='bbox 379 939 489 996; x_wconf 86' lang='lat' dir='ltr'>famam</span> <span class='ocrx_word' id='word_1_37' title='bbox 504 933 681 996; x_wconf 81' lang='lat' dir='ltr'>eruditionis</span> <span class='ocrx_word' id='word_1_38' title='bbox 703 944 882 998; x_wconf 86' lang='lat' dir='ltr'>consecutus</span> <span class='ocrx_word' id='word_1_39' title='bbox 898 942 945 996; x_wconf 90' lang='lat' dir='ltr'>est</span> <span class='ocrx_word' id='word_1_40' title='bbox 958 933 993 1016; x_wconf 81' lang='lat'>⁷),</span> <span class='ocrx_word' id='word_1_41' title='bbox 1015 942 1161 1014; x_wconf 86' lang='lat' dir='ltr'>quantum</span> 
     </span>
    </p>

    <p class='ocr_par' dir='ltr' id='par_1_7' title="bbox 11 1041 1160 1222">
     <span class='ocr_line' id='line_1_7' title="bbox 115 1041 1160 1120; baseline 0 -21"><span class='ocrx_word' id='word_1_42' title='bbox 115 1041 201 1100; x_wconf 88' lang='lat' dir='ltr'>hodie</span> <span class='ocrx_word' id='word_1_43' title='bbox 231 1042 383 1100; x_wconf 88' lang='lat' dir='ltr'>interdum</span> <span class='ocrx_word' id='word_1_44' title='bbox 412 1042 645 1119; x_wconf 74' lang='lat' dir='ltr'>negligentiores</span> <span class='ocrx_word' id='word_1_45' title='bbox 678 1044 838 1120; x_wconf 70' lang='lat' dir='ltr'>scriptores</span> <span class='ocrx_word' id='word_1_46' title='bbox 868 1042 1044 1118; x_wconf 87' lang='lat' dir='ltr'>relinquunt</span> <span class='ocrx_word' id='word_1_47' title='bbox 1073 1059 1160 1100; x_wconf 88' lang='lat' dir='ltr'>curae</span> 
     </span>
     <span class='ocr_line' id='line_1_8' title="bbox 11 1127 374 1222; baseline -0.006 -16"><span class='ocrx_word' id='word_1_48' title='bbox 11 1127 12 1206; x_wconf 50' lang='lat' dir='ltr'>s</span> <span class='ocrx_word' id='word_1_49' title='bbox 113 1147 374 1222; x_wconf 84' lang='lat' dir='ltr'>typographorum.</span> 
     </span>
    </p>

    <p class='ocr_par' dir='ltr' id='par_1_8' title="bbox 111 1251 1218 1644">
     <span class='ocr_line' id='line_1_9' title="bbox 199 1251 1159 1329; baseline 0.001 -20"><span class='ocrx_word' id='word_1_50' title='bbox 199 1251 283 1310; x_wconf 88' lang='lat' dir='ltr'>Bene</span> <span class='ocrx_word' id='word_1_51' title='bbox 307 1269 339 1310; x_wconf 91' lang='lat' dir='ltr'>se</span> <span class='ocrx_word' id='word_1_52' title='bbox 361 1252 505 1311; x_wconf 88' lang='lat' dir='ltr'>haberent</span> <span class='ocrx_word' id='word_1_53' title='bbox 526 1253 600 1311; x_wconf 89' lang='lat' dir='ltr'>haec</span> <span class='ocrx_word' id='word_1_54' title='bbox 622 1251 733 1324; x_wconf 89' lang='lat' dir='ltr'>omnia,</span> <span class='ocrx_word' id='word_1_55' title='bbox 757 1252 783 1310; x_wconf 91' lang='lat' dir='ltr'>si</span> <span class='ocrx_word' id='word_1_56' title='bbox 803 1252 841 1310; x_wconf 88' lang='lat' dir='ltr'>de</span> <span class='ocrx_word' id='word_1_57' title='bbox 864 1271 953 1329; x_wconf 89' lang='lat' dir='ltr'>opere</span> <span class='ocrx_word' id='word_1_58' title='bbox 976 1252 1070 1311; x_wconf 90' lang='lat' dir='ltr'>nostri</span> <span class='ocrx_word' id='word_1_59' title='bbox 1085 1256 1159 1310; x_wconf 87' lang='lat' dir='ltr'>tem-</span> 
     </span>
     <span class='ocr_line' id='line_1_10' title="bbox 113 1357 1158 1433; baseline 0 -19"><span class='ocrx_word' id='word_1_60' title='bbox 113 1358 191 1431; x_wconf 89' lang='lat' dir='ltr'>poris</span> <span class='ocrx_word' id='word_1_61' title='bbox 209 1361 427 1432; x_wconf 68' lang='lat' dir='ltr'>quaereretur,</span> <span class='ocrx_word' id='word_1_62' title='bbox 458 1362 510 1415; x_wconf 91' lang='lat' dir='ltr'>aut</span> <span class='ocrx_word' id='word_1_63' title='bbox 539 1357 565 1415; x_wconf 91' lang='lat' dir='ltr'>si</span> <span class='ocrx_word' id='word_1_64' title='bbox 595 1357 666 1414; x_wconf 91' lang='lat' dir='ltr'>olim</span> <span class='ocrx_word' id='word_1_65' title='bbox 697 1357 800 1433; x_wconf 89' lang='lat' dir='ltr'>scripti</span> <span class='ocrx_word' id='word_1_66' title='bbox 830 1357 899 1415; x_wconf 89' lang='lat' dir='ltr'>libri</span> <span class='ocrx_word' id='word_1_67' title='bbox 929 1357 1059 1416; x_wconf 87' lang='lat' dir='ltr'>fuissent</span> <span class='ocrx_word' id='word_1_68' title='bbox 1088 1361 1158 1414; x_wconf 91' lang='lat' dir='ltr'>ante</span> 
     </span>
     <span class='ocr_line' id='line_1_11' title="bbox 112 1461 1159 1537; baseline 0 -19"><span class='ocrx_word' id='word_1_69' title='bbox 112 1461 318 1534; x_wconf 85' lang='lat' dir='ltr'>Pisistratum,¹</span> <span class='ocrx_word' id='word_1_70' title='bbox 338 1461 538 1537; x_wconf 88' lang='lat' dir='ltr'>rhapsodique</span> <span class='ocrx_word' id='word_1_71' title='bbox 561 1461 648 1530; x_wconf 88' lang='lat' dir='ltr'>tales,</span> <span class='ocrx_word' id='word_1_72' title='bbox 672 1461 776 1537; x_wconf 88' lang='lat' dir='ltr'>quales</span> <span class='ocrx_word' id='word_1_73' title='bbox 798 1462 835 1519; x_wconf 89' lang='lat' dir='ltr'>ab</span> <span class='ocrx_word' id='word_1_74' title='bbox 857 1461 925 1520; x_wconf 88' lang='lat' dir='ltr'>istis</span> <span class='ocrx_word' id='word_1_75' title='bbox 947 1463 1110 1537; x_wconf 83' lang='lat' dir='ltr'>finguntur,</span> <span class='ocrx_word' id='word_1_76' title='bbox 1132 1462 1159 1518; x_wconf 92' lang='lat' dir='ltr'>si</span> 
     </span>
     <span class='ocr_line' id='line_1_12' title="bbox 111 1565 1218 1644; baseline 0.002 -21"><span class='ocrx_word' id='word_1_77' title='bbox 111 1565 242 1642; x_wconf 89' lang='lat' dir='ltr'>denique</span> <span class='ocrx_word' id='word_1_78' title='bbox 268 1565 350 1624; x_wconf 91' lang='lat' dir='ltr'>ullus</span> <span class='ocrx_word' id='word_1_79' title='bbox 368 1571 454 1625; x_wconf 89' lang='lat' dir='ltr'>vetus</span> <span class='ocrx_word' id='word_1_80' title='bbox 481 1565 483 1644; x_wconf 71' lang='grc'><strong>1</strong></span> <span class='ocrx_word' id='word_1_81' title='bbox 507 1569 609 1624; x_wconf 89' lang='lat' dir='ltr'>auctor</span> <span class='ocrx_word' id='word_1_82' title='bbox 630 1565 721 1623; x_wconf 91' lang='lat' dir='ltr'>huius</span> <span class='ocrx_word' id='word_1_83' title='bbox 741 1567 995 1641; x_wconf 80' lang='lat' dir='ltr'>interpretationis</span> <span class='ocrx_word' id='word_1_84' title='bbox 1017 1570 1156 1624; x_wconf 85' lang='lat' dir='ltr'>exstaret.</span> <span class='ocrx_word' id='word_1_85' title='bbox 1168 1570 1218 1625; x_wconf 89' lang='grc'>146</span> 
     </span>
    </p>

    <p class='ocr_par' dir='ltr' id='par_1_9' title="bbox 6 1670 1159 2794">
     <span class='ocr_line' id='line_1_13' title="bbox 9 1670 1158 1748; baseline -0.001 -20"><span class='ocrx_word' id='word_1_86' title='bbox 9 1735 10 1740; x_wconf 14' lang='lat'>1</span> <span class='ocrx_word' id='word_1_87' title='bbox 110 1670 247 1747; x_wconf 88' lang='lat' dir='ltr'>Namque</span> <span class='ocrx_word' id='word_1_88' title='bbox 269 1670 492 1747; x_wconf 90' lang='lat' dir='ltr'>ineptissimum</span> <span class='ocrx_word' id='word_1_89' title='bbox 509 1672 549 1730; x_wconf 92' lang='lat' dir='ltr'>sit</span> <span class='ocrx_word' id='word_1_90' title='bbox 567 1671 643 1729; x_wconf 92' lang='lat' dir='ltr'>illud</span> <span class='ocrx_word' id='word_1_91' title='bbox 662 1672 877 1746; x_wconf 82' lang='lat' dir='ltr'>argumentari,</span> <span class='ocrx_word' id='word_1_92' title='bbox 900 1672 978 1748; x_wconf 91' lang='lat' dir='ltr'>quod</span> <span class='ocrx_word' id='word_1_93' title='bbox 994 1689 1053 1729; x_wconf 92' lang='lat' dir='ltr'>non</span> <span class='ocrx_word' id='word_1_94' title='bbox 1068 1671 1158 1747; x_wconf 86' lang='lat' dir='ltr'>vulgo</span> 
     </span>
     <span class='ocr_line' id='line_1_14' title="bbox 9 1776 1159 1867; baseline 0.002 -35"><span class='ocrx_word' id='word_1_95' title='bbox 9 1843 10 1867; x_wconf 25' lang='grc' dir='ltr'>ἢ</span> <span class='ocrx_word' id='word_1_96' title='bbox 110 1777 275 1850; x_wconf 88' lang='lat' dir='ltr'>veteribus,</span> <span class='ocrx_word' id='word_1_97' title='bbox 298 1794 392 1852; x_wconf 91' lang='lat' dir='ltr'>quum</span> <span class='ocrx_word' id='word_1_98' title='bbox 414 1776 451 1835; x_wconf 90' lang='lat' dir='ltr'>de</span> <span class='ocrx_word' id='word_1_99' title='bbox 472 1776 597 1851; x_wconf 90' lang='lat' dir='ltr'>pulchra</span> <span class='ocrx_word' id='word_1_100' title='bbox 619 1777 833 1851; x_wconf 81' lang='lat' dir='ltr'>compositione</span> <span class='ocrx_word' id='word_1_101' title='bbox 856 1777 963 1836; x_wconf 88' lang='lat' dir='ltr'>horum</span> <span class='ocrx_word' id='word_1_102' title='bbox 986 1776 1159 1834; x_wconf 81' lang='lat' dir='ltr'>Carminum</span> 
     </span>
     <span class='ocr_line' id='line_1_15' title="bbox 110 1880 1158 1957; baseline 0 -18"><span class='ocrx_word' id='word_1_103' title='bbox 110 1880 295 1955; x_wconf 88' lang='lat' dir='ltr'>praedicant,</span> <span class='ocrx_word' id='word_1_104' title='bbox 325 1881 501 1940; x_wconf 87' lang='lat' dir='ltr'>Pisistratus</span> <span class='ocrx_word' id='word_1_105' title='bbox 529 1880 668 1938; x_wconf 85' lang='lat' dir='ltr'>laudatur</span> <span class='ocrx_word' id='word_1_106' title='bbox 698 1899 751 1957; x_wconf 93' lang='lat' dir='ltr'>pro</span> <span class='ocrx_word' id='word_1_107' title='bbox 774 1881 910 1940; x_wconf 87' lang='lat' dir='ltr'>Homero.</span> <span class='ocrx_word' id='word_1_108' title='bbox 956 1882 1104 1957; x_wconf 89' lang='lat' dir='ltr'>Persaepe</span> <span class='ocrx_word' id='word_1_109' title='bbox 1126 1881 1158 1939; x_wconf 94' lang='lat' dir='ltr'>id</span> 
     </span>
     <span class='ocr_line' id='line_1_16' title="bbox 8 1979 1157 2061; baseline 0.004 -20"><span class='ocrx_word' id='word_1_110' title='bbox 8 1979 9 1982; x_wconf 64' lang='grc'>’</span> <span class='ocrx_word' id='word_1_111' title='bbox 111 1986 213 2044; x_wconf 89' lang='lat' dir='ltr'>evenit</span> <span class='ocrx_word' id='word_1_112' title='bbox 242 1986 275 2042; x_wconf 92' lang='lat' dir='ltr'>in</span> <span class='ocrx_word' id='word_1_113' title='bbox 302 1985 438 2058; x_wconf 88' lang='lat' dir='ltr'>historia,</span> <span class='ocrx_word' id='word_1_114' title='bbox 466 1990 501 2043; x_wconf 88' lang='lat' dir='ltr'>ut</span> <span class='ocrx_word' id='word_1_115' title='bbox 522 1986 683 2046; x_wconf 88' lang='lat' dir='ltr'>tralaticiae</span> <span class='ocrx_word' id='word_1_116' title='bbox 706 2004 795 2045; x_wconf 85' lang='lat' dir='ltr'>voces</span> <span class='ocrx_word' id='word_1_117' title='bbox 816 1987 1033 2061; x_wconf 85' lang='lat' dir='ltr'>redarguantur</span> <span class='ocrx_word' id='word_1_118' title='bbox 1062 1985 1157 2060; x_wconf 72' lang='lat' dir='ltr'>factis</span> 
     </span>
     <span class='ocr_line' id='line_1_17' title="bbox 7 2091 1158 2168; baseline 0.001 -20"><span class='ocrx_word' id='word_1_119' title='bbox 7 2094 12 2166; x_wconf 71' lang='grc' dir='ltr'>ζ</span> <span class='ocrx_word' id='word_1_120' title='bbox 111 2095 141 2148; x_wconf 82' lang='grc'>61</span> <span class='ocrx_word' id='word_1_121' title='bbox 163 2096 198 2148; x_wconf 90' lang='lat' dir='ltr'>ut</span> <span class='ocrx_word' id='word_1_122' title='bbox 220 2091 324 2164; x_wconf 85' lang='lat' dir='ltr'>rebus,</span> <span class='ocrx_word' id='word_1_123' title='bbox 354 2109 428 2167; x_wconf 91' lang='lat' dir='ltr'>quas</span> <span class='ocrx_word' id='word_1_124' title='bbox 451 2109 538 2150; x_wconf 90' lang='lat' dir='ltr'>nemo</span> <span class='ocrx_word' id='word_1_125' title='bbox 560 2109 621 2149; x_wconf 91' lang='lat' dir='ltr'>non</span> <span class='ocrx_word' id='word_1_126' title='bbox 647 2109 700 2168; x_wconf 92' lang='lat' dir='ltr'>pro</span> <span class='ocrx_word' id='word_1_127' title='bbox 729 2092 809 2150; x_wconf 81' lang='lat' dir='ltr'>veris</span> <span class='ocrx_word' id='word_1_128' title='bbox 832 2091 950 2161; x_wconf 88' lang='lat' dir='ltr'>habuit,</span> <span class='ocrx_word' id='word_1_129' title='bbox 980 2092 1070 2166; x_wconf 86' lang='lat' dir='ltr'>longe</span> <span class='ocrx_word' id='word_1_130' title='bbox 1101 2092 1158 2149; x_wconf 85' lang='lat' dir='ltr'>alia</span> 
     </span>
     <span class='ocr_line' id='line_1_18' title="bbox 111 2195 1157 2272; baseline 0 -20"><span class='ocrx_word' id='word_1_131' title='bbox 111 2195 325 2271; x_wconf 81' lang='lat' dir='ltr'>consequentia</span> <span class='ocrx_word' id='word_1_132' title='bbox 347 2195 420 2269; x_wconf 92' lang='lat' dir='ltr'>sint,</span> <span class='ocrx_word' id='word_1_133' title='bbox 443 2213 533 2272; x_wconf 90' lang='lat' dir='ltr'>quam</span> <span class='ocrx_word' id='word_1_134' title='bbox 554 2196 576 2254; x_wconf 87' lang='lat' dir='ltr'>ii</span> <span class='ocrx_word' id='word_1_135' title='bbox 598 2195 884 2268; x_wconf 80' lang='lat' dir='ltr'>animadvertebant,</span> <span class='ocrx_word' id='word_1_136' title='bbox 916 2196 967 2272; x_wconf 93' lang='lat' dir='ltr'>qui</span> <span class='ocrx_word' id='word_1_137' title='bbox 989 2195 1058 2253; x_wconf 86' lang='lat' dir='ltr'>illas</span> <span class='ocrx_word' id='word_1_138' title='bbox 1080 2200 1157 2252; x_wconf 88' lang='lat' dir='ltr'>attu-</span> 
     </span>
     <span class='ocr_line' id='line_1_19' title="bbox 110 2299 1157 2377; baseline 0.002 -21"><span class='ocrx_word' id='word_1_139' title='bbox 110 2299 220 2358; x_wconf 85' lang='grc'><strong>161111,</strong></span> <span class='ocrx_word' id='word_1_140' title='bbox 266 2299 452 2376; x_wconf 86' lang='lat' dir='ltr'>Ambiguitas</span> <span class='ocrx_word' id='word_1_141' title='bbox 477 2318 561 2373; x_wconf 74' lang='lat' dir='ltr'>vero,</span> <span class='ocrx_word' id='word_1_142' title='bbox 592 2319 681 2377; x_wconf 92' lang='lat' dir='ltr'>quam</span> <span class='ocrx_word' id='word_1_143' title='bbox 702 2300 774 2359; x_wconf 89' lang='lat' dir='ltr'>huic</span> <span class='ocrx_word' id='word_1_144' title='bbox 800 2299 945 2358; x_wconf 89' lang='lat' dir='ltr'>mentioni</span> <span class='ocrx_word' id='word_1_145' title='bbox 967 2300 1157 2359; x_wconf 86' lang='lat' dir='ltr'>confusorum</span> 
     </span>
     <span class='ocr_line' id='line_1_20' title="bbox 112 2403 1155 2481; baseline 0.002 -19"><span class='ocrx_word' id='word_1_146' title='bbox 112 2403 285 2463; x_wconf 72' lang='lat' dir='ltr'>(terminum</span> <span class='ocrx_word' id='word_1_147' title='bbox 307 2405 407 2464; x_wconf 90' lang='lat' dir='ltr'>inesse</span> <span class='ocrx_word' id='word_1_148' title='bbox 436 2409 557 2481; x_wconf 90' lang='lat' dir='ltr'>putant,</span> <span class='ocrx_word' id='word_1_149' title='bbox 587 2405 727 2464; x_wconf 84' lang='lat' dir='ltr'>continuo</span> <span class='ocrx_word' id='word_1_150' title='bbox 756 2405 910 2464; x_wconf 88' lang='lat' dir='ltr'>evanescit</span> <span class='ocrx_word' id='word_1_151' title='bbox 938 2405 1155 2480; x_wconf 77' lang='lat' dir='ltr'>comparatIone</span> 
     </span>
     <span class='ocr_line' id='line_1_21' title="bbox 6 2510 1156 2586; baseline -0.001 -17"><span class='ocrx_word' id='word_1_152' title='bbox 6 2553 7 2569; x_wconf 49' lang='lat' dir='ltr'>t</span> <span class='ocrx_word' id='word_1_153' title='bbox 110 2527 213 2568; x_wconf 90' lang='lat' dir='ltr'>corum</span> <span class='ocrx_word' id='word_1_154' title='bbox 236 2510 427 2585; x_wconf 88' lang='lat' dir='ltr'>scriptorum,</span> <span class='ocrx_word' id='word_1_155' title='bbox 457 2511 596 2586; x_wconf 87' lang='lat' dir='ltr'>quirem</span> <span class='ocrx_word' id='word_1_156' title='bbox 618 2511 718 2586; x_wconf 90' lang='lat' dir='ltr'>paullo</span> <span class='ocrx_word' id='word_1_157' title='bbox 746 2510 833 2568; x_wconf 89' lang='lat' dir='ltr'>aliter</span> <span class='ocrx_word' id='word_1_158' title='bbox 853 2514 1001 2568; x_wconf 88' lang='lat' dir='ltr'>narratam</span> <span class='ocrx_word' id='word_1_159' title='bbox 1027 2510 1156 2586; x_wconf 89' lang='lat' dir='ltr'>relique-</span> 
     </span>
     <span class='ocr_line' id='line_1_22' title="bbox 109 2613 1156 2691; baseline 0 -19"><span class='ocrx_word' id='word_1_160' title='bbox 109 2619 193 2688; x_wconf 87' lang='lat' dir='ltr'>runt,</span> <span class='ocrx_word' id='word_1_161' title='bbox 221 2613 346 2689; x_wconf 89' lang='lat' dir='ltr'>Iosephi</span> <span class='ocrx_word' id='word_1_162' title='bbox 374 2620 406 2673; x_wconf 90' lang='lat' dir='ltr'>et</span> <span class='ocrx_word' id='word_1_163' title='bbox 427 2615 565 2688; x_wconf 80' lang='lat' dir='ltr'>Aeliani,¹</span> <span class='ocrx_word' id='word_1_164' title='bbox 589 2633 643 2674; x_wconf 91' lang='lat' dir='ltr'>seu</span> <span class='ocrx_word' id='word_1_165' title='bbox 666 2616 765 2691; x_wconf 90' lang='lat' dir='ltr'>potius</span> <span class='ocrx_word' id='word_1_166' title='bbox 788 2614 1005 2691; x_wconf 87' lang='lat' dir='ltr'>comparatione</span> <span class='ocrx_word' id='word_1_167' title='bbox 1036 2615 1156 2673; x_wconf 86' lang='lat' dir='ltr'>illormn</span> 
     </span>
     <span class='ocr_line' id='line_1_23' title="bbox 109 2718 1156 2794; baseline 0.001 -18"><span class='ocrx_word' id='word_1_168' title='bbox 109 2718 251 2777; x_wconf 89' lang='lat' dir='ltr'>omnium.</span> <span class='ocrx_word' id='word_1_169' title='bbox 307 2719 450 2794; x_wconf 79' lang='lat' dir='ltr'>Collecta,</span> <span class='ocrx_word' id='word_1_170' title='bbox 484 2738 544 2778; x_wconf 89' lang='lat' dir='ltr'>non</span> <span class='ocrx_word' id='word_1_171' title='bbox 577 2720 734 2779; x_wconf 85' lang='lat' dir='ltr'>recollecta</span> <span class='ocrx_word' id='word_1_172' title='bbox 770 2719 920 2793; x_wconf 81' lang='lat' dir='ltr'>Gannina,</span> <span class='ocrx_word' id='word_1_173' title='bbox 951 2723 982 2778; x_wconf 89' lang='lat' dir='ltr'>et</span> <span class='ocrx_word' id='word_1_174' title='bbox 1011 2719 1156 2778; x_wconf 83' lang='lat' dir='ltr'>adscitam</span> 
     </span>
    </p>
   </div>
   <div class='ocr_carea' id='block_1_3' title="bbox 3 2913 1203 3856">
    <p class='ocr_par' dir='ltr' id='par_1_10' title="bbox 199 2913 1156 2983">
     <span class='ocr_line' id='line_1_24' title="bbox 199 2913 1156 2983; baseline 0.004 -17"><span class='ocrx_word' id='word_1_175' title='bbox 199 2916 225 2979; x_wconf 82' lang='lat'>7)</span> <span class='ocrx_word' id='word_1_176' title='bbox 251 2915 353 2968; x_wconf 81' lang='lat' dir='ltr'>Eodem</span> <span class='ocrx_word' id='word_1_177' title='bbox 377 2915 511 2983; x_wconf 87' lang='lat' dir='ltr'>pertinere</span> <span class='ocrx_word' id='word_1_178' title='bbox 535 2913 649 2968; x_wconf 85' lang='lat' dir='ltr'>arbitror</span> <span class='ocrx_word' id='word_1_179' title='bbox 666 2915 766 2968; x_wconf 84' lang='lat' dir='ltr'>famam</span> <span class='ocrx_word' id='word_1_180' title='bbox 791 2915 824 2966; x_wconf 91' lang='lat' dir='ltr'>de</span> <span class='ocrx_word' id='word_1_181' title='bbox 847 2914 935 2981; x_wconf 86' lang='lat' dir='ltr'>prima</span> <span class='ocrx_word' id='word_1_182' title='bbox 958 2915 1156 2970; x_wconf 82' lang='lat' dir='ltr'>bibliothecae</span> 
     </span>
    </p>

    <p class='ocr_par' dir='ltr' id='par_1_11' title="bbox 107 3001 1154 3070">
     <span class='ocr_line' id='line_1_25' title="bbox 107 3001 1154 3070; baseline -0.001 -12"><span class='ocrx_word' id='word_1_183' title='bbox 107 3004 254 3058; x_wconf 85' lang='lat' dir='ltr'>Pisistrato</span> <span class='ocrx_word' id='word_1_184' title='bbox 274 3002 395 3069; x_wconf 90' lang='lat' dir='ltr'>condita,</span> <span class='ocrx_word' id='word_1_185' title='bbox 422 3002 474 3055; x_wconf 87' lang='lat' dir='ltr'>etsi</span> <span class='ocrx_word' id='word_1_186' title='bbox 493 3001 560 3056; x_wconf 88' lang='lat' dir='ltr'>satis</span> <span class='ocrx_word' id='word_1_187' title='bbox 578 3001 682 3055; x_wconf 88' lang='lat' dir='ltr'>recenti</span> <span class='ocrx_word' id='word_1_188' title='bbox 700 3001 826 3069; x_wconf 81' lang='lat' dir='ltr'>scriptori</span> <span class='ocrx_word' id='word_1_189' title='bbox 853 3005 1041 3070; x_wconf 83' lang='lat' dir='ltr'>memoratam,</span> <span class='ocrx_word' id='word_1_190' title='bbox 1069 3003 1154 3057; x_wconf 87' lang='lat' dir='ltr'>Gellio</span> 
     </span>
    </p>

    <p class='ocr_par' dir='ltr' id='par_1_12' title="bbox 3 3087 1203 3246">
     <span class='ocr_line' id='line_1_26' title="bbox 3 3087 1155 3158; baseline -0.001 -14"><span class='ocrx_word' id='word_1_191' title='bbox 3 3093 4 3106; x_wconf 64' lang='lat'>¹</span> <span class='ocrx_word' id='word_1_192' title='bbox 107 3091 147 3144; x_wconf 88' lang='lat' dir='ltr'>VI</span> <span class='ocrx_word' id='word_1_193' title='bbox 161 3087 253 3158; x_wconf 82' lang='lat' dir='ltr'>[Vss],</span> <span class='ocrx_word' id='word_1_194' title='bbox 273 3088 314 3140; x_wconf 76' lang='lat'>17.</span> <span class='ocrx_word' id='word_1_195' title='bbox 350 3089 412 3143; x_wconf 90' lang='lat' dir='ltr'>Non</span> <span class='ocrx_word' id='word_1_196' title='bbox 424 3090 498 3142; x_wconf 85' lang='lat' dir='ltr'>enirn</span> <span class='ocrx_word' id='word_1_197' title='bbox 512 3090 632 3158; x_wconf 89' lang='lat' dir='ltr'>reperio,</span> <span class='ocrx_word' id='word_1_198' title='bbox 651 3089 698 3157; x_wconf 90' lang='lat' dir='ltr'>qui</span> <span class='ocrx_word' id='word_1_199' title='bbox 718 3088 766 3142; x_wconf 89' lang='lat' dir='ltr'>alii</span> <span class='ocrx_word' id='word_1_200' title='bbox 778 3090 884 3156; x_wconf 88' lang='lat' dir='ltr'>praeter</span> <span class='ocrx_word' id='word_1_201' title='bbox 895 3088 1045 3142; x_wconf 89' lang='lat' dir='ltr'>Homerum</span> <span class='ocrx_word' id='word_1_202' title='bbox 1064 3090 1155 3143; x_wconf 88' lang='lat' dir='ltr'>inesse</span> 
     </span>
     <span class='ocr_line' id='line_1_27' title="bbox 108 3162 1203 3246; baseline -0.001 -14"><span class='ocrx_word' id='word_1_203' title='bbox 108 3176 248 3246; x_wconf 88' lang='lat' dir='ltr'>potuerint</span> <span class='ocrx_word' id='word_1_204' title='bbox 266 3175 423 3244; x_wconf 61' lang='lat' dir='ltr'>scriptores</span> <span class='ocrx_word' id='word_1_205' title='bbox 442 3193 523 3246; x_wconf 89' lang='lat' dir='ltr'>quam</span> <span class='ocrx_word' id='word_1_206' title='bbox 542 3176 646 3245; x_wconf 85' lang='lat' dir='ltr'>aliquot</span> <span class='ocrx_word' id='word_1_207' title='bbox 664 3178 771 3244; x_wconf 71' lang='lat' dir='ltr'>potitae,</span> <span class='ocrx_word' id='word_1_208' title='bbox 790 3193 876 3245; x_wconf 88' lang='lat' dir='ltr'>nuper</span> <span class='ocrx_word' id='word_1_209' title='bbox 888 3177 996 3230; x_wconf 90' lang='lat' dir='ltr'>demum</span> <span class='ocrx_word' id='word_1_210' title='bbox 1010 3176 1055 3230; x_wconf 88' lang='lat' dir='ltr'>vel</span> <span class='ocrx_word' id='word_1_211' title='bbox 1067 3176 1154 3245; x_wconf 86' lang='lat' dir='ltr'>ipsius</span> <span class='ocrx_word' id='word_1_212' title='bbox 1198 3162 1203 3173; x_wconf 75' lang='grc'><strong>’</strong></span> 
     </span>
    </p>

    <p class='ocr_par' dir='ltr' id='par_1_13' title="bbox 3 3262 1153 3333">
     <span class='ocr_line' id='line_1_28' title="bbox 3 3262 1153 3333; baseline 0.002 -17"><span class='ocrx_word' id='word_1_213' title='bbox 3 3323 5 3326; x_wconf 52' lang='grc'>,</span> <span class='ocrx_word' id='word_1_214' title='bbox 107 3264 188 3318; x_wconf 88' lang='lat' dir='ltr'>iussu</span> <span class='ocrx_word' id='word_1_215' title='bbox 205 3263 356 3332; x_wconf 85' lang='lat' dir='ltr'>perscripti.</span> <span class='ocrx_word' id='word_1_216' title='bbox 387 3264 518 3333; x_wconf 82' lang='lat' dir='ltr'>Idemque</span> <span class='ocrx_word' id='word_1_217' title='bbox 537 3263 710 3318; x_wconf 88' lang='lat' dir='ltr'>sentiendum</span> <span class='ocrx_word' id='word_1_218' title='bbox 727 3263 840 3316; x_wconf 84' lang='lat' dir='ltr'>fortasse</span> <span class='ocrx_word' id='word_1_219' title='bbox 855 3264 887 3317; x_wconf 91' lang='lat' dir='ltr'>de</span> <span class='ocrx_word' id='word_1_220' title='bbox 902 3262 1042 3330; x_wconf 85' lang='lat' dir='ltr'>Polycrate</span> <span class='ocrx_word' id='word_1_221' title='bbox 1056 3262 1153 3332; x_wconf 82' lang='lat' dir='ltr'>Samio,</span> 
     </span>
    </p>

    <p class='ocr_par' dir='ltr' id='par_1_14' title="bbox 3 3335 1155 3421">
     <span class='ocr_line' id='line_1_29' title="bbox 3 3335 1155 3421; baseline 0.001 -17"><span class='ocrx_word' id='word_1_222' title='bbox 3 3335 5 3350; x_wconf 58' lang='lat'><em>&#39;</em></span> <span class='ocrx_word' id='word_1_223' title='bbox 107 3359 190 3420; x_wconf 87' lang='lat' dir='ltr'>quem</span> <span class='ocrx_word' id='word_1_224' title='bbox 199 3352 308 3419; x_wconf 88' lang='lat' dir='ltr'>propter</span> <span class='ocrx_word' id='word_1_225' title='bbox 319 3349 451 3404; x_wconf 87' lang='lat' dir='ltr'>librorum</span> <span class='ocrx_word' id='word_1_226' title='bbox 463 3352 642 3419; x_wconf 88' lang='lat' dir='ltr'>parandorum</span> <span class='ocrx_word' id='word_1_227' title='bbox 655 3351 776 3405; x_wconf 90' lang='lat' dir='ltr'>studium</span> <span class='ocrx_word' id='word_1_228' title='bbox 789 3367 852 3404; x_wconf 89' lang='lat' dir='ltr'>cum</span> <span class='ocrx_word' id='word_1_229' title='bbox 860 3350 1002 3404; x_wconf 87' lang='lat' dir='ltr'>Pisistrato</span> <span class='ocrx_word' id='word_1_230' title='bbox 1015 3350 1155 3421; x_wconf 85' lang='lat' dir='ltr'>coniungit</span> 
     </span>
    </p>

    <p class='ocr_par' dir='ltr' id='par_1_15' title="bbox 106 3437 1153 3507">
     <span class='ocr_line' id='line_1_30' title="bbox 106 3437 1153 3507; baseline -0.001 -16"><span class='ocrx_word' id='word_1_231' title='bbox 106 3439 208 3491; x_wconf 86' lang='lat' dir='ltr'>Athen.</span> <span class='ocrx_word' id='word_1_232' title='bbox 232 3437 253 3490; x_wconf 96' lang='lat' dir='ltr'>I.</span> <span class='ocrx_word' id='word_1_233' title='bbox 273 3453 299 3505; x_wconf 90' lang='lat' dir='ltr'>p.</span> <span class='ocrx_word' id='word_1_234' title='bbox 326 3437 350 3489; x_wconf 86' lang='lat'>3.</span> <span class='ocrx_word' id='word_1_235' title='bbox 370 3439 402 3489; x_wconf 80' lang='lat' dir='ltr'>A.</span> <span class='ocrx_word' id='word_1_236' title='bbox 445 3437 582 3491; x_wconf 88' lang='lat' dir='ltr'>Nimirum</span> <span class='ocrx_word' id='word_1_237' title='bbox 610 3438 788 3492; x_wconf 89' lang='lat' dir='ltr'>bibliothecae</span> <span class='ocrx_word' id='word_1_238' title='bbox 817 3437 880 3492; x_wconf 87' lang='lat' dir='ltr'>illae</span> <span class='ocrx_word' id='word_1_239' title='bbox 908 3437 1011 3491; x_wconf 85' lang='lat' dir='ltr'>similes</span> <span class='ocrx_word' id='word_1_240' title='bbox 1035 3437 1153 3507; x_wconf 75' lang='lat' dir='ltr'>fuerumt,</span> 
     </span>
    </p>

    <p class='ocr_par' dir='ltr' id='par_1_16' title="bbox 106 3523 1152 3595">
     <span class='ocr_line' id='line_1_31' title="bbox 106 3523 1152 3595; baseline -0.002 -17"><span class='ocrx_word' id='word_1_241' title='bbox 106 3524 135 3578; x_wconf 89' lang='lat' dir='ltr'>ni</span> <span class='ocrx_word' id='word_1_242' title='bbox 152 3525 244 3591; x_wconf 86' lang='lat' dir='ltr'>fallor,</span> <span class='ocrx_word' id='word_1_243' title='bbox 270 3539 375 3590; x_wconf 85' lang='lat' dir='ltr'>earum,</span> <span class='ocrx_word' id='word_1_244' title='bbox 401 3539 469 3592; x_wconf 87' lang='lat' dir='ltr'>quae</span> <span class='ocrx_word' id='word_1_245' title='bbox 493 3524 522 3576; x_wconf 91' lang='lat' dir='ltr'>in</span> <span class='ocrx_word' id='word_1_246' title='bbox 545 3525 654 3595; x_wconf 87' lang='lat' dir='ltr'>templis</span> <span class='ocrx_word' id='word_1_247' title='bbox 673 3525 823 3593; x_wconf 86' lang='lat' dir='ltr'>nonnullis,</span> <span class='ocrx_word' id='word_1_248' title='bbox 848 3525 930 3579; x_wconf 84' lang='lat' dir='ltr'>etiam</span> <span class='ocrx_word' id='word_1_249' title='bbox 948 3525 977 3576; x_wconf 92' lang='grc'>11</span> <span class='ocrx_word' id='word_1_250' title='bbox 996 3523 1152 3593; x_wconf 88' lang='lat' dir='ltr'>Hierosoly-</span> 
     </span>
    </p>

    <p class='ocr_par' dir='ltr' id='par_1_17' title="bbox 3 3610 1152 3682">
     <span class='ocr_line' id='line_1_32' title="bbox 3 3610 1152 3682; baseline 0.003 -19"><span class='ocrx_word' id='word_1_251' title='bbox 3 3625 5 3680; x_wconf 73' lang='grc' dir='ltr'><em>ξ</em></span> <span class='ocrx_word' id='word_1_252' title='bbox 108 3612 221 3680; x_wconf 84' lang='lat' dir='ltr'>mitano,</span> <span class='ocrx_word' id='word_1_253' title='bbox 247 3610 384 3679; x_wconf 87' lang='lat' dir='ltr'>depositae</span> <span class='ocrx_word' id='word_1_254' title='bbox 404 3610 540 3682; x_wconf 86' lang='lat' dir='ltr'>feruntur,</span> <span class='ocrx_word' id='word_1_255' title='bbox 564 3614 659 3681; x_wconf 89' lang='lat' dir='ltr'>paucis</span> <span class='ocrx_word' id='word_1_256' title='bbox 684 3613 837 3667; x_wconf 88' lang='lat' dir='ltr'>constantes</span> <span class='ocrx_word' id='word_1_257' title='bbox 860 3612 969 3680; x_wconf 85' lang='lat' dir='ltr'>scriptis</span> <span class='ocrx_word' id='word_1_258' title='bbox 994 3614 1022 3664; x_wconf 90' lang='lat' dir='ltr'>et</span> <span class='ocrx_word' id='word_1_259' title='bbox 1044 3612 1152 3666; x_wconf 89' lang='lat' dir='ltr'>nomine</span> 
     </span>
    </p>

    <p class='ocr_par' dir='ltr' id='par_1_18' title="bbox 3 3685 1153 3768">
     <span class='ocr_line' id='line_1_33' title="bbox 3 3685 1153 3768; baseline 0.001 -17"><span class='ocrx_word' id='word_1_260' title='bbox 3 3685 4 3690; x_wconf 8' lang='grc' dir='ltr'>ἵ</span> <span class='ocrx_word' id='word_1_261' title='bbox 109 3713 169 3766; x_wconf 87' lang='lat' dir='ltr'>suo,</span> <span class='ocrx_word' id='word_1_262' title='bbox 193 3699 274 3766; x_wconf 89' lang='lat' dir='ltr'>prout</span> <span class='ocrx_word' id='word_1_263' title='bbox 295 3697 376 3751; x_wconf 88' lang='lat' dir='ltr'>hodie</span> <span class='ocrx_word' id='word_1_264' title='bbox 399 3701 558 3767; x_wconf 86' lang='lat' dir='ltr'>usurpatur,</span> <span class='ocrx_word' id='word_1_265' title='bbox 583 3715 682 3768; x_wconf 86' lang='lat' dir='ltr'>parum</span> <span class='ocrx_word' id='word_1_266' title='bbox 706 3700 814 3768; x_wconf 76' lang='lat' dir='ltr'>dignae,</span> <span class='ocrx_word' id='word_1_267' title='bbox 839 3699 937 3753; x_wconf 89' lang='lat' dir='ltr'>similis</span> <span class='ocrx_word' id='word_1_268' title='bbox 962 3699 1052 3752; x_wconf 85' lang='lat' dir='ltr'>forsan</span> <span class='ocrx_word' id='word_1_269' title='bbox 1069 3700 1153 3752; x_wconf 87' lang='lat' dir='ltr'>etiam</span> 
     </span>
    </p>

    <p class='ocr_par' dir='ltr' id='par_1_19' title="bbox 3 3783 1151 3856">
     <span class='ocr_line' id='line_1_34' title="bbox 3 3783 1151 3856; baseline 0.003 -20"><span class='ocrx_word' id='word_1_270' title='bbox 3 3783 4 3786; x_wconf 71' lang='grc'>’</span> <span class='ocrx_word' id='word_1_271' title='bbox 108 3783 155 3838; x_wconf 89' lang='lat' dir='ltr'>illa</span> <span class='ocrx_word' id='word_1_272' title='bbox 167 3783 328 3856; x_wconf 77' lang='lat' dir='ltr'>Smyrnaea,</span> <span class='ocrx_word' id='word_1_273' title='bbox 343 3784 421 3838; x_wconf 87' lang='lat' dir='ltr'>cuius</span> <span class='ocrx_word' id='word_1_274' title='bbox 433 3801 489 3838; x_wconf 89' lang='lat' dir='ltr'>una</span> <span class='ocrx_word' id='word_1_275' title='bbox 502 3801 564 3838; x_wconf 91' lang='lat' dir='ltr'>cum</span> <span class='ocrx_word' id='word_1_276' title='bbox 576 3783 710 3842; x_wconf 88' lang='lat' dir='ltr'>Homereo</span> <span class='ocrx_word' id='word_1_277' title='bbox 723 3785 848 3840; x_wconf 88' lang='lat' dir='ltr'>meminit</span> <span class='ocrx_word' id='word_1_278' title='bbox 862 3785 956 3842; x_wconf 86' lang='lat' dir='ltr'>Strabo</span> <span class='ocrx_word' id='word_1_279' title='bbox 965 3785 1041 3839; x_wconf 84' lang='lat' dir='ltr'>XIV.</span> <span class='ocrx_word' id='word_1_280' title='bbox 1056 3802 1082 3853; x_wconf 93' lang='lat' dir='ltr'>p.</span> <span class='ocrx_word' id='word_1_281' title='bbox 1091 3786 1151 3840; x_wconf 84' lang='grc'>646.</span> 
     </span>
    </p>
   </div>
   <div class='ocr_carea' id='block_1_4' title="bbox 0 0 1494 4576">
    <p class='ocr_par' dir='ltr' id='par_1_20' title="bbox 0 0 1494 4576">
     <span class='ocr_line' id='line_1_35' title="bbox 0 0 1494 4576; baseline 0 3"><span class='ocrx_word' id='word_1_282' title='bbox 0 0 1494 4576; x_wconf 95' lang='lat' dir='ltr'> </span> 
     </span>
    </p>
   </div>
  </div>
 </body>
</html>
