2984 4580
311 337 364 392 200
749 337 913 390 Prolegomena.

213 597 218 606 ,
252 522 350 586 25901)
383 520 499 580 minora
531 521 604 581 vitia
639 522 812 582 viderentur
845 523 963 600 indigni
993 527 1094 599 poeta,
1123 528 1155 582 at
1187 523 1361 583 tolerabiles

311 630 420 686 tamen.
466 625 526 686 Sed
547 627 717 690 coniectura
742 629 817 689 haec
838 632 885 688 est
912 629 1072 689 admodum
1100 628 1185 706 parvi
1214 629 1362 688 momenti

312 733 345 790 in
367 731 419 790 ille
440 732 565 791 infantia
587 733 667 793 artis.
714 732 857 807 Quocirca
878 752 944 793 rem
973 738 1075 794 tenere
1104 734 1199 794 satius
1227 733 1297 808 erit,
1327 737 1362 794 et

311 837 496 912 argumentis
517 837 655 915 pluribus
674 839 860 914 confirmare,
894 856 964 899 eum
990 857 1052 898 non
1072 843 1190 898 tantum
1219 839 1361 900 nomndis

311 942 429 1016 naevis,
451 942 668 1002 verumetiam
688 943 817 1018 urendo,
839 944 1033 1021 amputanda,
1054 945 1170 1020 luxata,
1193 962 1269 1022 quae
1292 945 1362 1023 qui-

311 1199 382 1253 ποτὲ
398 1201 550 1268 παρέλκειν,
576 1199 646 1270 πρὸς
664 1198 746 1252 οὐδὲν
765 1202 968 1258 συντείνοντας·
993 1201 1050 1268 εἴγε
1075 1201 1211 1260 πλείους
1231 1201 1362 1266 ἀθετή-

312 1284 625 1357 σειςἈριστοίρχου
643 1286 702 1340 διὰ
722 1287 803 1346 τοὺς
821 1284 1001 1346 τοιούτους
1018 1287 1167 1356 τρόπους
1188 1287 1361 1357 ἐγένοντο.

311 1375 386 1432 Haec
403 1375 512 1444 plenam
529 1375 619 1430 lucem
637 1374 830 1443 exspectabant
848 1391 882 1428 ex
901 1373 1017 1428 Scholiis
1030 1374 1152 1429 Venetis.
1185 1375 1224 1429 Ut
1243 1388 1267 1427 σ.
1281 1375 1362 1429 39-

311 1462 368 1531 49.,
390 1462 485 1530 loupus
503 1477 628 1516 recensus
648 1460 809 1528 Nereidum,
833 1461 1027 1517 confluentium
1046 1463 1080 1517 ad
1099 1461 1248 1530 plorantem
1266 1463 1362 1518 Theti-

312 1552 388 1619 dem,
407 1567 488 1620 quem
505 1566 647 1604 recensum
666 1551 693 1602 et
710 1550 744 1604 ab
763 1549 889 1618 Argolico
908 1549 1032 1618 exemplo
1051 1549 1171 1605 abfuisse
1186 1549 1362 1606 Callistratus

311 1637 478 1707 prodiderat,
501 1655 517 1692 a
542 1637 675 1690 Zenodoto
693 1636 824 1705 primum,
847 1638 907 1689 tum
928 1637 962 1690 ab
979 1637 1135 1691 Aristarcho
1158 1637 1260 1692 nimius
1278 1640 1362 1706 puta·

312 1725 391 1778 batur
414 1723 596 1791 (aurbirmsum
618 1724 818 1789 ornamentum)
843 1727 871 1776 et
889 1724 1027 1789 ἠθετεΐτο,
1053 1725 1089 1783 ὡς
1104 1720 1265 1778 Ἡσιόδειον
1288 1724 1364 1793 ἔχων

308 1820 468 1882 χαρακτῆρα
480 1831 502 1864 κ.
515 1831 537 1864 a
552 1813 574 1864 λ.
606 1811 661 1866 Ubi
674 1811 761 1866 obiter
778 1811 868 1878 vides,
888 1811 1004 1879 spectari
1017 1811 1210 1881 Theogoniam,
1228 1815 1363 1881 tanquam

312 1899 460 1969 genuinum
474 1899 587 1954 Carmen
605 1900 676 1954 vatis
694 1897 813 1954 Ascraei.
846 1898 948 1952 Mansit
965 1899 1056 1954 tamen
1073 1899 1119 1952 hic
1136 1899 1213 1954 loeus
1231 1899 1261 1952 in
1279 1901 1363 1954 textu

312 1987 475 2055 Aristarchi,
488 1988 559 2040 unde
574 2003 636 2040 eum
648 1986 678 2039 in
691 1986 871 2040 imitationem
884 2001 963 2040 suam
974 1985 1058 2040 traxit
1067 1986 1208 2056 Virgilian.
1241 1985 1312 2042 Nam
1324 1988 1362 2042 ab

311 2076 359 2130 illo
373 2075 472 2130 Critiae
484 2075 637 2144 pendebant
648 2073 739 2129 Latini
758 2089 858 2128 omnes.
887 2073 930 2128 Ita
945 2072 1067 2128 Ciceroni
1081 2074 1148 2142 Epp.
1163 2075 1197 2128 ad
1210 2073 1306 2128 Famil.
1321 2074 1361 2143 X,

313 2163 354 2216 13.
379 2164 407 2216 et
424 2160 549 2216 Straboni
573 2160 595 2215 I.
616 2179 641 2229 p.
662 2161 702 2214 17.
727 2177 781 2214 non
808 2160 955 2214 excidisset
972 2159 1042 2218 illud
1060 2160 1093 2213 de
1109 2156 1244 2226 Ὀδυσσῆι·
1262 2165 1362 2213 πτολι-

312 2250 424 2324 πόρθῳ,
437 2248 492 2302 nisi
507 2250 584 2318 pueri
596 2249 626 2302 in
640 2248 741 2303 scholis
754 2249 905 2317 audissent,
920 2248 1110 2302 Aristarchum
1123 2249 1285 2315 ἠθετηκέναι
1297 2267 1362 2304 ver-

243 2383 246 2390 1
312 2354 359 2392 sus
371 2354 452 2407 prope
466 2354 571 2406 omnes,
590 2337 637 2407 qui
655 2353 727 2390 nunc
738 2332 865 2405 Ἀχιλλῆα
882 2337 1078 2409 πτολίπορθον
1095 2335 1204 2390 habent.
1235 2335 1295 2402 Quo
1307 2353 1361 2392 nos

311 2425 444 2495 probabili
466 2424 570 2480 ratione
596 2426 699 2478 ducunt
716 2422 826 2478 Scholia
848 2425 882 2478 ad
900 2429 929 2477 θ.
948 2423 1007 2476 371.
1032 2424 1059 2476 et
1076 2439 1163 2491 pron,
1188 2425 1247 2476 tum
1271 2424 1305 2478 ad
1334 2445 1360 2478 ο.

311 2513 445 2580 56—77.¹
465 2512 541 2567 obelo
554 2513 660 2566 notatos
673 2514 781 2580 proptrer
799 2511 838 2563 τὰ
858 2511 927 2564 ἐκεῖ
946 2511 1005 2562 οὐκ
1024 2510 1216 2578 ἀναγκαίως
1235 2513 1361 2562 παλιλ-

311 2601 518 2671 λοχοίμενα,
538 2602 566 2654 et
584 2600 651 2655 alias
670 2616 778 2667 causas,
798 2599 827 2652 in
848 2599 946 2668 quibus
963 2599 1031 2652 haec
1049 2599 1170 2652 extrema
1189 2599 1243 2652 est:
1264 2601 1361 2664 Φησὶν

312 2684 571 2757 ὁἈρίσταρχος,
592 2686 634 2739 ὅτι
651 2687 761 2761 οὐδαμῇ
777 2686 825 2750 τὸν
836 2682 958 2754 Ἀχιλλέα
981 2686 1223 2754 πτολίπορθον
1242 2688 1360 2754 εἴρηκεν,

311 2774 380 2826 ἀλλὰ
405 2773 531 2844 ποιλοίρκη
552 2777 600 2827 καὶ
624 2775 745 2841 ποδώκη.
781 2773 877 2842 Neque
901 2773 1088 2841 Aristarchus,
1114 2773 1145 2825 ut
1167 2773 1301 2842 suspicor,
1328 2775 1361 2828 id

312 2860 450 2930 epitheton
467 2861 576 2930 putavit
593 2861 736 2917 convenire
749 2861 862 2924 Achilli,
883 2861 930 2931 qui
946 2860 1048 2914 bellum
1060 2859 1204 2916 lhoianum
1221 2878 1275 2915 non
1294 2877 1360 2916 con-

310 2949 412 3003 fecerit.
443 2949 588 3018 Ignorabat
600 2966 662 3018 ergo
680 2952 729 3004 aut
747 2949 891 3018 spernebat
903 2947 1037 3003 veriorem
1050 2948 1161 3016 interpr.
1174 2965 1217 3016 ap.
1232 2947 1358 3003 Eustath.

311 3054 336 3104 p.
355 3036 398 3090 91.
420 3035 479 3090 220.
515 3037 552 3089 At
568 3036 651 3092 etiam
670 3055 700 3104 φ.
717 3035 777 3090 550.
795 3035 916 3090 Achilles
934 3036 1127 3104 πτολίπορθος
1144 3036 1194 3088 cst.
1226 3035 1270 3089 lbi
1289 3036 1359 3090 mire

311 3121 400 3178 Sahal.
418 3117 478 3177 Ὅτι
504 3123 646 3184 πλεονάζει
669 3116 711 3176 ἐπ’
736 3119 888 3182 Ὀδυσσέως
911 3123 948 3174 τὸ
973 3124 1225 3190 πτολίπορθος·
1252 3131 1303 3177 νῦν
1326 3123 1360 3177 δὲ

312 3209 401 3270 ἅπαξ
417 3205 459 3263 ἐπ’
477 3206 623 3279 Ἀχιλλέως.
656 3205 694 3261 ‘H
709 3210 826 3277 ornem)
849 3209 935 3279 πρὸς
950 3208 1028 3268 τοὺς
1042 3211 1269 3278 χωρίζοντας·
1293 3211 1357 3261 τού-

312 3317 370 3357 τοις
394 3297 448 3367 χὰρ
468 3304 599 3366 χρῶνται.
640 3297 737 3357 Τινὲς
763 3297 793 3350 δὲ
810 3293 933 3366 Ἀχιλλέα
951 3299 1097 3363 Πηλείωνα
1121 3305 1238 3348 ποιοῦσι
1263 3297 1356 3365 (00111-

312 3385 400 3454 guut)‚
428 3387 596 3444 ξενισθέντες
621 3385 691 3454 πρὸς
715 3385 746 3436 τὸ
767 3385 907 3438 ἐπίθετον.
942 3385 994 3438 ffis
1012 3384 1108 3454 igitur,
1135 3384 1182 3453 qui
1200 3383 1240 3439 ita
1258 3384 1355 3439 sentie-

311 3471 388 3540 bant,
406 3471 479 3525 idem
496 3471 651 3528 faciendum
668 3473 722 3527 fuit
738 3471 768 3525 iu
787 3491 815 3526 ω.
836 3471 894 3527 108.
914 3474 941 3526 et
956 3473 1070 3527 fortasse
1090 3471 1173 3528 Gatal.
1194 3471 1253 3526 235.
1274 3471 1354 3538 (728.)

312 3561 340 3612 et
359 3581 380 3615 υ.
400 3558 460 3612 384.

407 3743 435 3800 [·)
448 3745 509 3788 Haec
523 3746 566 3788 duo
580 3747 688 3788 verbane
702 3758 736 3800 ap.
752 3745 872 3789 Villoison.
889 3746 988 3802 quidem:
1004 3747 1042 3790 sed
1057 3748 1109 3790 ante
1123 3741 1161 3788 ὅτι
1175 3748 1200 3788 et
1212 3746 1250 3789 hic
1264 3748 1287 3789 ct
1296 3745 1351 3788 Bek-

312 3817 379 3860 kcrus
391 3817 472 3860 inserit
484 3807 510 3870 ‘ri
525 3809 628 3872 drumm
