3048 4588
325 335 361 390 44
771 340 935 394 Prolegomena.

326 546 365 587 ne
387 526 544 586 tritissima
565 525 665 586 fabula
686 525 724 584 de
748 523 858 584 Cadmo
880 525 1037 585 referenda
1059 526 1099 585 sit
1111 527 1212 602 potius
1232 526 1272 586 ad
1293 527 1370 585 anti-

326 633 472 711 quitatem
494 632 590 708 ipsius
613 630 746 705 inventi,
776 648 867 708 quam
895 630 933 690 ad
962 648 1033 691 eum
1061 635 1190 690 tractum
1216 633 1370 708 temporis,

326 757 385 815 quo
407 737 514 797 notitia
535 735 662 802 eiusad
683 734 813 795 Graecos
834 736 1011 811 pervenerit.
1057 734 1137 796 Talis
1151 737 1232 796 enim
1253 737 1371 796 inventi

325 861 421 920 vagus
442 859 544 902 rumor
578 840 657 900 haud
688 841 778 900 dubie
811 841 890 917 apud
922 841 990 900 flios
1021 842 1187 917 praecurrit
1215 846 1370 902 accuratae

326 948 465 1025 notitiae;
489 948 567 1006 hanc
588 947 679 1022 longo
700 946 856 1005 interiecto
878 946 974 1022 spatio
997 946 1118 1005 rudium
1139 921 1283 1006 manuum
1303 947 1372 1006 imi·

326 1053 452 1126 tamina,
485 1056 575 1129 atque
602 1050 681 1110 haee
709 1053 859 1126 postremo
880 1049 1015 1126 ringens
1043 1067 1117 1110 usus
1141 1055 1172 1110 et
1191 1051 1372 1128 conscriptio

326 1158 470 1218 librorum
492 1160 594 1216 secuto
616 1159 670 1216 est.

807 1325 893 1392 XV.

413 1469 472 1528 Hie
494 1487 555 1528 non
576 1467 693 1542 dubito,
725 1467 800 1543 quin
829 1466 923 1525 futuri
957 1466 1019 1526 sint
1051 1467 1154 1542 multi,
1187 1468 1241 1544 qui
1266 1450 1373 1527 talium

327 1591 542 1651 progressuum
564 1572 815 1649 significationem
837 1573 893 1631 sub
914 1571 977 1630 illis
991 1572 1163 1631 nominibus
1184 1573 1294 1648 latere,
1315 1591 1374 1633 nec

326 1680 438 1740 frustra
467 1684 512 1739 tot
542 1683 678 1738 auctores
708 1677 781 1736 artis
812 1676 958 1736 dilaudari
994 1676 1192 1752 suspicentur.
1238 1676 1284 1736 Ac
1314 1677 1374 1736 fuit

328 1784 462 1863 quidem,
496 1802 590 1861 quum
623 1801 678 1859 ego
710 1800 829 1860 quoque
863 1782 940 1840 hanc
971 1781 1119 1840 rationem
1153 1798 1308 1858 sequerer,
1342 1786 1375 1840 et

327 1888 439 1966 Orphei
461 1888 645 1964 temporibus
668 1887 774 1947 saltem
796 1887 900 1946 titulos
921 1890 952 1946 at
972 1886 1185 1962 epigrammata
1205 1885 1374 1946 abiudicare

327 2013 388 2054 non
409 1995 557 2054 auderem.
604 1993 811 2053 sollicitabant
834 2009 882 2051 me
911 1996 1030 2066 praeter
1056 1991 1130 2050 alias
1157 2009 1263 2050 111111
1283 2009 1375 2068 quae-

284 2108 318 2165 58
328 2101 396 2160 dam
418 2096 586 2161 litterarum
616 2101 825 2172 monumenta,
860 2114 938 2174 quae
966 2096 1134 2172 antiquiora
1155 2088 1294 2176 Hoimero
1323 2097 1375 2156 111

328 2205 400 2265 olim
421 2204 592 2265 constitisse
617 2203 774 2277 dicuntur,
795 2201 845 2261 vel
866 2200 954 2260 hodie
978 2200 1013 2259 ab
1036 2199 1163 2260 eruditis
1178 2200 1287 2276 cupide
1306 2219 1375 2277 per·

327 2305 538 2389 hibernant·
575 2308 690 2368 Verum
712 2309 749 2366 ab
778 2324 814 2366 ea
835 2306 885 2364 ria
906 2306 994 2382 plane
1015 2323 1064 2364 me
1090 2309 1264 2365 avertemut
1285 2306 1373 2381 plura

326 2416 454 2493 vestigia
483 2414 640 2488 historica,
680 2430 842 2491 earumque
870 2429 983 2483 rerum,
1013 2411 1123 2487 quibus
1151 2411 1240 2470 istius
1265 2411 1373 2471 aetatis

327 2521 426 2581 cultus
457 2519 680 2592 continebatur,
720 2521 752 2576 et
788 2517 923 2593 ipsorum
956 2515 1076 2574 illorum
1111 2519 1373 2575 monumentorum

327 2626 444 2686 curiosa
476 2629 507 2684 et
540 2623 659 2684 subtilis
693 2621 882 2682 existimatio.
926 2619 1032 2697 Itaque
1059 2637 1164 2679 maneo
1192 2621 1225 2678 in
1248 2637 1283 2679 ea
1304 2637 1372 2680 sen-

326 2731 435 2805 tentia,
456 2735 503 2804 ut,
525 2729 644 2790 etiamsi
665 2729 724 2787 ista
738 2727 838 2787 omnia
858 2730 991 2802 tempore
1005 2725 1186 2801 praecedant
1197 2726 1373 2800 Homerum,

327 2831 419 2914 (malo
438 2835 520 2894 enim
541 2834 617 2894 iilud
638 2850 719 2892 nuno
741 2832 774 2890 in
788 2830 887 2890 medio
901 2831 1086 2906 relinquere,
1108 2848 1198 2907 quam
1213 2830 1372 2891 deflectere

326 2942 476 3000 decursu
497 2933 595 3019 meo),
624 2943 725 2997 tamen
752 2936 823 2995 inde
848 2935 927 2994 nihil
946 2939 1082 2994 constare
1111 2934 1149 2994 de
1170 2935 1293 3012 vulgato
1314 2953 1374 2996 usu

326 3046 399 3105 artis
421 3049 532 3121 putem.
577 3043 655 3103 Nam
683 3046 820 3122 superato
847 3057 971 3116 operoso
992 3039 1107 3115 labore,
1140 3044 1175 3099 ut
1195 3041 1373 3116 peregrinae

326 3155 414 3210 notae
435 3150 539 3227 patriis
563 3150 644 3208 sonis
666 3151 853 3224 aptarentur,
880 3162 1035 3222 novaeque
1066 3144 1266 3205 subderentur
1287 3163 1373 3206 voea-

327 3256 407 3315 libus
429 3254 520 3314 otiis
541 3252 665 3326 litteris,
694 3252 804 3329 quibus
828 3249 1013 3310 Phoenicum
1042 3249 1192 3326 scriptura
1212 3250 1372 3310 carrnsset:

417 3450 462 3516 21)
481 3450 522 3504 De
539 3449 584 3503 his
603 3448 670 3503 satis
688 3447 771 3501 fuerit
788 3446 927 3501 nominare
952 3461 1034 3500 unam
1054 3446 1256 3501 celeberrimam
1274 3446 1372 3501 inseri·

328 3539 447 3607 ptionem
466 3555 501 3591 ex
519 3535 675 3605 Amyclaeis
693 3533 893 3590 aFourmontio
909 3533 1038 3602 repertis:
1057 3534 1091 3586 de
1108 3533 1165 3587 11111
1177 3532 1273 3588 Thesei
1286 3533 1374 3588 stelen

229 3622 231 3626 ’
328 3626 462 3695 lapideam
479 3641 521 3695 ap.
534 3623 673 3700 Demosth.
692 3639 714 3676 o.
728 3620 825 3676 Neaer.
838 3639 864 3690 p.
877 3619 938 3675 873,
952 3621 985 3674 D.
1006 3620 1043 3690 [p.
1057 3621 1134 3676 1370.
1147 3620 1266 3690 ReishJ,
1284 3620 1373 3689 ipsius

329 3712 423 3768 Cadmi
450 3710 590 3766 donarium
618 3727 659 3779 sp.
686 3709 765 3764 Diod.
788 3708 827 3777 V,
851 3706 907 3776 58.,
935 3724 1046 3763 aeneam
1079 3708 1200 3764 tabulam
1231 3723 1274 3776 ap.
1301 3706 1372 3761 Plin.

328 3799 392 3868 VH,
404 3797 447 3853 58.
462 3800 512 3853 etc.
527 3799 577 3852 eto.
