3048 4588
575 358 738 410 Prolegemena.
1148 361 1181 414 79

138 541 251 612 ratum,
286 537 430 598 similium
462 557 564 599 rerum
596 541 814 617 comparatione
844 559 992 600 eruamus.
1043 541 1113 601 Fuit
1127 547 1129 554 ’
1145 543 1181 616 is,

138 643 164 702 si
186 642 260 720 quid
280 644 383 719 video,
406 645 499 720 idem,
526 645 580 723 qui
608 646 661 704 diu
690 645 842 708 adhibitus
872 650 920 705 est
948 646 981 704 in
1013 664 1114 721 scena,
1150 651 1182 706 et

136 749 249 823 tragica
270 754 300 808 et
322 751 446 825 cornica,
476 750 509 808 in
539 751 631 810 variis
659 751 819 826 generibus
850 751 1020 826 chororum,
1050 752 1180 830 denique

23 875 25 912 ι
135 853 167 912 in
189 854 301 913 scholis
321 859 353 914 et
373 855 469 931 ludia,
492 855 667 935 priusquam
682 856 831 918 scribendi
852 856 1032 940 legendique
1054 857 1181 917 facultas

135 959 225 1035 vulgo
248 959 432 1038 frequentari
453 966 599 1040 coeperat.
644 963 675 1022 Is
703 966 804 1022 autem
827 961 933 1021 modus
961 962 1058 1038 qualis
1080 963 1179 1037 fuerit,

134 1065 201 1140 ipsa
222 1065 366 1125 vocabula
385 1071 540 1126 testantur.
586 1067 631 1126 De
659 1067 756 1144 potatis
781 1068 863 1126 enim
893 1067 1046 1144 proprium
1077 1072 1124 1127 est
1150 1072 1181 1126 et

135 1186 174 1228 ex
213 1187 247 1228 re
288 1170 425 1245 ductum,
466 1165 671 1230 διδάσκειν
702 1165 896 1253 δράματα,
934 1173 1041 1232 Latine
1076 1173 1181 1241 dovora

134 1275 171 1333 de
193 1275 355 1350 actoribus,
379 1269 608 1352 μανθάνειν,
630 1279 731 1336 dicem
750 1281 862 1352 pratea:
883 1277 956 1337 hinc
977 1270 1179 1351 διδάσκαλοι,

134 1374 410 1455 ὑποδιδάσκαλοι,
434 1375 714 1457 ἀντιδιδάσκαλοι,
747 1375 1128 1462 διθυραμβοδιόάσκαλοι
1150 1387 1180 1442 et

134 1485 193 1544 alia
208 1485 417 1546 huiuscemodi
429 1482 481 1568 ⁷⁵).
507 1487 667 1563 Nimirum,
682 1492 716 1546 ut
733 1481 736 1568 Ι
754 1488 975 1563 chironomiam,
998 1493 1032 1547 ut
1046 1487 1179 1566 reliquos
1188 1493 1240 1546 104

134 1596 233 1650 motus
256 1593 401 1668 corporis,
428 1597 462 1651 ut
489 1596 583 1651 totam
606 1593 795 1652 saltationem
817 1597 932 1652 actores
953 1593 1108 1652 discebant
1128 1593 1179 1652 ad-

134 1701 240 1773 spectu
277 1697 579 1773 praemonstrantium
617 1699 842 1774 magistrorum,
881 1699 924 1757 ita
959 1698 1050 1758 etiam
1081 1699 1179 1773 verba,

134 1801 326 1878 praecinente
347 1803 413 1879 ipso
428 1806 530 1880 poeta,
554 1803 722 1877 auditione,
745 1821 819 1886 non,
844 1802 922 1862 sicut
936 1803 1041 1878 hodie,
1063 1803 1179 1862 elibel-

23 1903 25 1948 Τ
133 1906 171 1966 lis
192 1907 384 1984 arripiebant.
428 1908 534 1985 Itaque
554 1908 611 1968 hoo
633 1909 770 1967 instituto
800 1909 848 1968 usi
868 1908 1009 1968 ridentur
1030 1908 1178 1985 rhapsodi,

23 2085 24 2088 Ἴ
133 2017 166 2070 ut
188 2013 265 2072 alter
287 2013 414 2074 alterum
437 2014 557 2074 doceret
581 2031 693 2089 coram,
715 2032 785 2074 mox
801 2014 975 2074 exercitatio
990 2019 1021 2073 et
1035 2015 1178 2091 frequens

23 2149 24 2164 2
132 2118 267 2176 recitatio
290 2123 385 2178 artem
406 2124 530 2196 pararet.
575 2119 682 2198 Neque
706 2137 777 2180 sane
800 2124 860 2194 est,
890 2119 970 2196 quod
991 2119 1068 2178 hanc
1090 2120 1178 2178 ratio-

23 2255 25 2270 ι
132 2241 202 2282 nem
224 2224 441 2283 incommodam
470 2225 520 2284 vel
548 2224 709 2284 memoriae
731 2225 931 2284 molestiorem
959 2231 1100 2301 putemus
1122 2225 1178 2294 hac

132 2333 248 2388 nostra:
270 2335 351 2389 certe
371 2330 403 2388 id
425 2330 552 2408 quisque
574 2331 659 2390 nobis
681 2331 839 2405 concedet,
869 2349 935 2390 eam
961 2349 1022 2389 non
1043 2330 1177 2407 potuisse

23 2451 25 2524 ξ
131 2452 192 2493 non
220 2435 316 2494 multo
343 2435 538 2496 efficanorom
565 2453 631 2496 esse
660 2436 698 2494 ad
725 2436 867 2513 optimam
899 2436 1178 2513 pronunciationem

23 2551 24 2554 ’
131 2544 220 2618 atque
255 2541 414 2600 verborum
447 2541 723 2618 sententiarumque
757 2541 891 2599 omnium
922 2558 1025 2600 veram
1053 2542 1115 2599 vim
1146 2545 1177 2600 et

23 2673 24 2680 ν
131 2663 239 2704 sonum
268 2647 498 2722 assequendum
543 2645 611 2706 Huc
639 2645 770 2721 accedit,
800 2646 879 2723 quod
909 2647 1052 2705 acerrima
1078 2647 1176 2706 studia

23 2769 24 2802 ³
131 2751 301 2810 auditorum
323 2769 392 2810 enm
415 2769 531 2811 summo
556 2770 654 2811 amore
678 2751 857 2810 domesticae
882 2752 1022 2811 historiae
1045 2752 1078 2810 in
1099 2754 1175 2812 anti-

130 2857 198 2932 quis
223 2843 338 2914 ἔπεσιν
359 2857 440 2915 haud
458 2856 548 2916 dubie
569 2875 690 2933 operam
711 2857 800 2916 istam
822 2857 941 2917 facilem
963 2862 993 2918 et
1014 2858 1176 2919 iucundam

23 3037 24 3044 ἶ
129 2961 307 3022 efficiebant.
361 2960 442 3035 Quae
476 2963 588 3037 omnia,
622 2981 662 3022 ex
694 2961 814 3021 illorum
846 2966 1015 3038 temporum
1045 2964 1175 3040 ingeniis

23 3089 25 3130 ἓ
129 3084 162 3125 ac
185 3066 319 3126 moribus
342 3067 524 3141 ernstimata,
556 3067 655 3126 locum
688 3084 750 3125 non
783 3066 958 3144 relinquunt
989 3068 1175 3144 dubitationi,

23 3199 25 3210 s
129 3173 181 3248 qui
203 3172 271 3230 fieri
292 3173 423 3248 potuerit
444 3172 535 3248 illud,
558 3172 637 3250 quod
659 3172 771 3232 factum
786 3189 854 3234 esse
869 3171 1027 3232 historicae
1042 3173 1173 3232 rationes

23 3293 25 3300 ’
128 3277 328 3352 pervicemmt.

216 3473 263 3540 75)
281 3473 347 3526 Post
367 3489 412 3540 ea,
436 3489 504 3543 quae
529 3489 564 3526 ex
589 3472 718 3542 Harpocr.
737 3476 765 3527 et
787 3473 908 3543 Hesych.
927 3491 954 3528 v.
973 3473 1139 3534 διδάσκαλος
1158 3490 1174 3529 a

129 3560 266 3614 nonnullis
291 3559 359 3614 viris
388 3559 474 3614 doctis
501 3559 634 3628 breviter,
663 3562 690 3614 et
720 3578 737 3615 a
767 3561 879 3616 Oasaub.
909 3561 939 3614 in
961 3562 1059 3616 Athen.
1079 3561 1129 3630 VI,
1149 3563 1172 3615 7.

23 3667 25 3722 ᾗ
130 3647 338 3702 didascaliarnm
356 3663 438 3702 eausa
454 3649 548 3701 notata
565 3650 643 3716 sunt,
661 3665 752 3718 nemo,
772 3651 844 3717 quod
862 3648 960 3718 sciam,
979 3649 1009 3701 in
1027 3649 1097 3703 hanc
1115 3666 1173 3702 rem

23 3723 24 3780 ἒ
130 3738 252 3789 accurate
269 3734 425 3804 inquisivit,
444 3737 636 3804 exspectatque
655 3753 688 3790 ea
699 3737 788 3791 adhuc
806 3737 896 3791 lucem
910 3753 987 3792 suam
1003 3753 1067 3791 cum
1078 3737 1172 3792 multis

23 3815 24 3880 f
131 3822 202 3890 aliis,
222 3839 291 3891 quac
312 3824 345 3877 ad
361 3823 440 3878 ludos
457 3823 578 3878 scenicos
598 3823 762 3878 Graecorum
780 3824 922 3893 pertinent.
