2984 4580
115 528 296 622 minum⁷²).
339 533 399 593 Sed
421 533 562 611 equidem
584 551 645 593 non
667 535 754 611 plura
776 527 970 612 quaesierim,
993 541 1027 596 ut
1041 556 1167 614 pravum

114 639 249 699 hominis
272 657 398 698 acumen
421 639 513 698 minen
535 644 566 699 et
587 638 738 699 indoctam
760 641 965 701 temeritatem.

10 884 13 895 =
206 860 251 927 72)
278 860 421 915 Lectiones
445 861 501 929 On,
527 877 596 930 quae
615 863 705 915 tamen
721 877 776 915 non
797 863 861 915 sunt
882 877 975 915 omnes
997 861 1167 915 coniecturae
1260 909 1262 914 ,

10 952 11 982 ³
114 949 218 1018 ipsius,
236 949 265 1001 in
283 947 411 1016 Schmin,
430 949 554 1004 Eusteth.
573 950 601 1003 et
618 949 707 1018 Etym.
726 948 762 1001 Μ.
780 951 907 1003 notantur
924 948 987 1004 hae:
1009 949 1042 1002 Il.
1060 969 1086 1018 y.
1106 949 1165 1002 155.

10 1081 11 1099 .
116 1031 173 1090 ὦκα
189 1038 338 1090 retractum
354 1037 388 1090 ad
407 1037 514 1098 ἰοῦσαν,
538 1038 559 1087 λ.
580 1037 639 1091 753.
661 1036 738 1104 [754]
760 1036 798 1089 δι’
818 1036 965 1098 ἀσπιδέος,
985 1035 1065 1091 hodie
1083 1036 1165 1106 vulgo

114 1125 231 1192 lectum,
254 1144 285 1192 μ.
304 1124 345 1178 25.
371 1119 442 1177 us
463 1118 537 1194 ἦμαρ
562 1125 606 1190 (de
625 1140 677 1192 quo
696 1142 721 1177 v.
741 1140 801 1192 sup.
819 1142 843 1194 p.
864 1125 923 1178 217.
947 1124 1030 1190 med.)
1055 1143 1085 1195 φ.
1105 1123 1164 1177 322.

10 1213 14 1284 J
114 1211 201 1281 [323]
220 1212 377 1280 τυμβοχόης
395 1228 443 1279 pro
455 1211 530 1265 infin.
544 1211 714 1280 τυμβοχοῆσ’
730 1214 777 1266 aut
790 1212 901 1281 vulgato
916 1214 1083 1282 τυμβοχοῆς,
1103 1212 1163 1266 558.

112 1296 224 1364 Ἰδήϊον,
252 1315 321 1367 quae
339 1299 430 1353 forsan
448 1299 550 1368 optima
569 1300 611 1352 est
629 1299 763 1368 omnium,
790 1310 821 1367 ψ.
841 1299 899 1354 361.
918 1298 1108 1368 μεμνοῑτο[ἳ],
1135 1318 1164 1351 ω.

115 1387 176 1440 253.
195 1389 341 1454 κατηφέες,
363 1386 460 1455 Odyss.
473 1406 498 1457 γ.
512 1387 571 1440 293.
592 1388 716 1452 Βλισσήν
734 1389 797 1456 [non
809 1388 859 1455 ite,
879 1387 927 1440 sed
944 1385 1065 1454 Λισσήν]
1083 1389 1106 1439 λ.
1123 1387 1163 1438 14.

114 1478 272 1547 Κερβερίων
289 1491 314 1542 p.
334 1478 506 1543 Κιμμερίων.
544 1475 618 1529 Oonf.
638 1472 737 1528 Scholl.
757 1476 785 1528 et
802 1475 889 1543 Intpp.
909 1475 943 1529 ad
958 1473 1068 1527 Hesiod.
1084 1467 1164 1543 ’‘Epy.
1278 1505 1281 1512 .

11 1587 12 1594 .
117 1561 178 1615 530.
198 1561 295 1630 Theog.
315 1561 373 1614 142.
836 1585 840 1592 ·
1154 1569 1156 1574 ’

467 1860 559 1898 ninus
583 1860 776 1898 vonuu1n1s
800 1844 821 1898 1.
