2980 4576
562 319 726 371 Prclegomena
1114 317 1165 371 121

213 502 273 562 Sed
304 504 476 579 priusquam
506 502 631 560 alterum
655 503 784 578 spatium
805 503 969 578 ingredior,
1000 503 1091 562 velim
1113 504 1227 578 919159

124 626 157 667 99
180 608 310 685 quisque
330 609 428 666 ammo
450 607 569 682 colligat
591 609 701 681 omnia,
732 625 807 684 quae
837 608 981 667 hactenus
1010 608 1167 685 explicavi,

123 713 288 772 retexendo
316 712 366 771 ffla
392 713 619 787 argumentandi
650 730 737 788 saepe
761 712 926 788 subtiliora,
956 717 990 772 ut
1019 718 1166 790 appareat,

12 871 14 900 ,
123 818 195 894 quid
216 817 352 893 singulae
378 818 521 891 rationes,
553 817 625 894 quid
646 818 804 876 universae
827 816 952 876 valeant.
997 817 1062 876 11191
1085 818 1167 876 enim

122 923 155 980 in
185 922 297 981 iunctis
325 927 356 980 91
385 922 469 998 quasi
499 921 683 997 conglobatis
713 922 903 998 probabilitas
933 927 991 996 est,
1026 922 1104 981 sicut
1135 923 1167 980 in

13 1007 14 1010 Ἴ
121 1029 235 1087 iunctis
250 1027 391 1086 membris
406 1027 537 1102 99199119
551 1026 756 1102 pulchritudo,
770 1032 871 1086 tamen
887 1027 1005 1103 singula
1019 1029 1168 1086 momenta

121 1151 177 1209 per
206 1150 239 1192 99
269 1137 383 1208 9991191
404 1149 471 1192 eam
492 1133 554 1190 vim
582 1132 703 1205 habere,
733 1137 768 1190 ut
798 1132 911 1210 aliquid
940 1133 1051 1191 addant
1079 1131 1166 1190 191191.

13 1253 14 1276 l
122 1238 155 1298 Si
186 1238 220 1296 in
254 1237 407 1296 nonnullis
439 1237 530 1295 tribui
557 1237 825 1311 verisimilitudini,
857 1256 946 1314 quam
980 1255 1083 1297 severa
1115 1237 1167 1296 lex

120 1343 265 1401 historiae
288 1341 396 1418 poscit,
419 1361 479 1401 non
502 1342 534 1400 id
558 1359 624 1401 mea
646 1341 733 1417 culpa
755 1343 867 1402 factum
889 1347 949 1417 est,
973 1343 1026 1402 sed
1041 1342 1167 1418 penuria

120 1449 259 1521 testimn,
289 1465 414 1524 quorum
435 1465 474 1506 119
497 1451 614 1506 tantum
636 1447 758 1524 quidem
786 1466 944 1507 numerum
974 1451 1167 1523 exspectares

12 1559 13 1592 ³
121 1554 153 1611 in
180 1558 245 1611 tam
275 1553 406 1630 antiquis
436 1557 467 1612 et
496 1552 611 1612 occulto
641 1553 845 1612 crescentibus
875 1554 978 1613 rebus:
1009 1558 1089 1612 certe
1111 1570 1166 1626 ego

120 1657 239 1717 nullum
268 1657 368 1717 locum
390 1659 500 1718 veteris
522 1658 650 1718 auctoris
673 1658 773 1718 sciens
799 1659 911 1719 detorsi
933 1659 965 1718 in
987 1659 1076 1717 aliam
1099 1675 1166 1717 sen-

121 1876 215 1913 corum
233 1858 355 1928 ipsorum
372 1858 427 1912 19111
446 1859 507 1911 ante
525 1856 729 1911 Alexandrinos.
768 1857 843 1923 Quae
863 1874 907 1912 res
925 1857 1008 1912 simul
1026 1857 1168 1911 excusabit

120 1947 318 2016 quodammodo
338 1945 479 2000 audaciam
497 1947 628 2012 nostram,
649 1945 732 1999 simul
744 1962 814 1999 novo
828 1947 985 2014 argumento
999 1944 1062 2012 erit,
1081 1945 1168 1998 multa

12 2039 13 2044 ’
120 2034 284 2103 gravissima
302 2032 456 2086 oblitterata
480 2048 539 2085 csse
559 2029 688 2085 stabilitis
707 2031 848 2086 sententiis
867 2034 947 2100 atque
972 2031 1087 2084 decretis
1105 2030 1166 2083 illo-

13 2174 17 2185 ,
120 2138 181 2175 rum
201 2120 384 2190 saeculorum,
408 2136 443 2173 ex
469 2119 568 2189 quibus
592 2121 647 2173 lere
672 2121 763 2173 nostra
781 2117 889 2174 Scholia
911 2119 1049 2174 habemus.
1086 2119 1167 2186 Apud

120 2209 253 2264 Senecam
275 2208 308 2261 de
325 2207 405 2262 Brev.
425 2208 498 2261 vitae
518 2225 540 2261 9.
561 2208 602 2261 13.
628 2207 657 2260 111
675 2207 878 2276 quaestionibus
897 2207 1058 2262 Graecorum
1082 2205 1166 2258 inuti-

118 2295 203 2363 libus,
229 2295 265 2349 ad
284 2295 432 2349 urendum
451 2293 557 2348 scilicet
574 2295 664 2362 beate,
687 2295 757 2348 hano
776 2310 881 2364 quoquc
899 2293 955 2349 iam
973 2294 1076 2347 dudum
1093 2293 1165 2361 lege-

118 2384 227 2450 bamus,
245 2380 413 2434 Eiusdem-e
431 2380 553 2434 99919119
571 2385 660 2433 essent
676 2380 749 2434 11199
767 2385 792 2433 91
810 2379 938 2450 Odyssea.
975 2380 1066 2434 Huius
1084 2397 1166 2449 quae-

12 2486 15 2507 1
119 2469 216 2524 stionis
244 2485 330 2537 nuper
356 2467 462 2522 nullum
488 2485 603 2538 usquam
630 2469 778 2538 vestigium
807 2472 865 2524 erat
889 2467 971 2523 aliud.
1014 2467 1067 2521 Sed
1091 2469 1165 2520 ecce!

118 2574 191 2610 nuno
216 2556 294 2624 plura
319 2556 447 2623 apparent
470 2556 499 2608 in
522 2555 762 2624 praestantissimis
780 2555 897 2610 Scholiis
915 2556 982 2609 Ven.
1006 2555 1107 2610 codicis
1125 2557 1166 2622 A,

119 2644 166 2697 ubi
193 2660 238 2697 res
267 2645 490 2697 commemoratur
517 2645 548 2696 ut
574 2643 661 2696 doctis
687 2642 842 2709 notissima,
872 2642 1032 2713 proprioque
1058 2642 1167 2696 nomine

119 2733 271 2785 refutantur
292 2729 435 2798 aliquoties
461 2733 489 2782 οἱ
507 2733 682 2800 χωρίζοντες,
707 2731 725 2784 i.
753 2747 776 2784 9.
802 2731 855 2800 1991
880 2731 935 2800 1111,
961 2731 1008 2800 qui
1033 2731 1167 2800 negabant

120 2820 237 2872 eundern
255 2818 397 2886 utriusque
413 2817 546 2872 Carminis
565 2821 701 2873 auctorem
720 2835 787 2872 esse.
823 2818 895 2872 Vide
913 2819 947 2873 ad
965 2825 989 2886 β.
1003 2818 1062 2872 356.
1082 2817 1166 2880 Catal.

121 2906 179 2960 156.
208 2904 337 2974 [116411]
367 2904 468 2958 (1354.
496 2924 520 2958 κ.
539 2905 598 2960 476.
626 2907 648 2957 t.
674 2905 732 2959 147.
756 2906 816 2960 691.
842 2904 918 2973 [6921
947 2925 976 2974 μ.
994 2906 1036 2960 96.
1062 2925 1086 2959 ν.
1106 2906 1165 2958 365.
1256 2907 1262 2916 ’

121 3011 150 3046 π.
164 2993 224 3046 747.
246 2992 349 3062 19416.
363 2992 422 3046 550.
443 2993 541 3062 quibus
559 2993 684 3048 versibus
703 2993 774 3062 diple
787 3010 855 3061 pura
871 2994 993 3062 apposita
1006 2995 1167 3062 9919199191

121 3081 182 3139 τοὺς
194 3081 374 3151 χωρίζοντας,
396 3096 456 3147 seu,
476 3079 554 3132 utin
567 3078 727 3149 Fragmentc
746 3081 779 3133 de
798 3081 869 3134 notis
883 3081 986 3134 criticis
1000 3080 1038 3148 [in
1051 3079 1166 3135 Scholiis

120 3167 200 3221 Dind.
227 3166 254 3219 Τ.
273 3165 300 3233 Ι,
324 3184 349 3235 p.
367 3165 462 3234 XLV.]
486 3167 599 3236 legitur,
625 3164 695 3237 πρὸς
719 3168 782 3228 τοὺς
804 3169 934 3237 λέγοντας
957 3168 997 3237 μὴ
1021 3167 1091 3221 εἶναι
1118 3177 1168 3218 τοῦ

122 3256 205 3306 αὐτοῦ
231 3263 351 3320 ποιητοῦ
366 3249 471 3306 Ἰλιάδα
495 3257 541 3306 καὶ
559 3251 730 3308 Ὀδύσσειαν.
766 3255 831 3310 Π199
853 3257 944 3310 autem
962 3255 1064 3325 priores
1081 3255 1167 3309 fuisse

122 3340 305 3395 celeberrimis
332 3340 432 3396 scholis
460 3341 716 3411 Grammaticorum,
746 3359 781 3396 ex
807 3343 901 3398 multis
925 3343 1035 3397 iudiciis
1062 3343 1165 3411 colligo.

10 3419 12 3440 ¹
123 3428 210 3494 Quare
228 3427 378 3481 videndum
397 3431 450 3497 est,
469 3430 589 3484 11919119
608 3431 726 3499 primum
745 3431 892 3500 vestigium
910 3430 985 3484 illius
1005 3431 1166 3499 suspicionis

10 3543 11 3586 3
122 3514 202 3570 lateat
221 3515 250 3567 in
269 3515 393 3570 mutilato
411 3516 470 3570 loco
482 3516 562 3571 Vitae
581 3517 705 3586 Homeri,
725 3535 794 3587 quae
811 3535 827 3573 a
844 3518 994 3587 1991199919
1012 3518 1166 3573 accuratius

10 3607 11 3612 ’
124 3617 202 3670 quam
231 3603 310 3656 antea
337 3603 410 3657 edita
434 3606 476 3657 est
499 3604 528 3657 111
546 3606 667 3673 Append.
686 3605 762 3661 Faso.
782 3604 804 3659 Ι.
823 3605 892 3659 Bibl.
912 3605 1045 3675 Gcetting.
1065 3623 1090 3674 p.
1112 3607 1165 3660 l].:

125 3690 247 3758 Γέγραφε
266 3689 394 3754 ποιήσεις
417 3690 481 3754 δύο,
498 3687 602 3743 Ἰλιάδα
621 3695 667 3744 καὶ
684 3688 858 3747 Ὀδύσσειαν·
878 3693 967 3752 Ξένων
984 3696 1030 3745 καὶ
1045 3689 1167 3746 Ἑλλάνι-

124 3794 167 3836 κος
186 3778 357 3846 ἀφαιροῦσιν
372 3779 462 3832 αὐτοῦ.
496 3778 547 3847 [Cf.
562 3797 634 3834 1111119
648 3779 737 3835 Procli
752 3781 844 3836 Vitam
858 3781 935 3835 Hom.
954 3799 994 3850 ap.
1008 3782 1166 3853 Westerm]
