2980 4576
555 353 717 406 Prolegomena.
1109 356 1158 408 127

122 532 157 591 lis
179 527 467 612 παραπετάσματα
497 553 584 594 verae
614 535 778 611 sapientiae
800 537 935 613 videbat3
965 538 1007 595 ita
1030 537 1159 614 denique

122 631 230 718 inlfima
249 644 359 713 aetate,
382 657 420 697 ne
443 639 546 715 plures
564 640 729 716 appellem,
750 641 838 700 Mich.
855 641 989 716 Psellus,
1011 641 1162 700 Eustathii
1172 645 1222 698 166

121 742 246 816 amicus,
278 748 309 800 et
336 742 523 820 Nicephorus
547 743 710 820 Gregoras,
744 745 795 804 1116
828 752 989 822 utrumque
1026 745 1161 819 Carmen,

120 847 166 904 hic
188 847 308 921 Ulyssis
331 865 447 906 errores
469 849 645 925 explicabat.

543 1011 741 1076 XXXVII.

204 1130 264 1190 Sed
289 1132 325 1190 de
347 1133 479 1210 antiquis
501 1133 563 1192 illis
586 1129 786 1214 (redeundum
808 1135 890 1192 enim
905 1135 991 1195 nobis
1006 1154 1057 1210 eo,
1080 1137 1160 1196 uude

119 1237 246 1312 digressi
271 1231 405 1316 sumus,)
428 1256 535 1314 parum
554 1243 684 1313 constat,
705 1239 852 1316 quomodo
867 1240 992 1317 reliquis
1014 1241 1160 1318 interpre-

118 1341 155 1400 tis
186 1342 284 1400 functi
318 1342 380 1401 siut
411 1342 524 1402 officiis.
571 1342 687 1420 Quippe
722 1362 773 1402 eos
807 1363 867 1402 non
898 1345 930 1403 in
960 1364 1020 1404 una
1047 1346 1105 1404 ista
1127 1365 1159 1405 re
1192 1339 1194 1342 ’

119 1464 236 1521 operam
258 1445 384 1521 lusisse,
419 1447 472 1506 sed
504 1448 594 1506 etiam
627 1453 722 1508 artem
752 1453 857 1527 potitae
884 1456 915 1509 et
935 1450 993 1509 alia
1015 1451 1160 1528 quaedam

118 1551 266 1610 illustrare
288 1570 445 1626 aggressos
467 1570 551 1627 esse,
584 1572 623 1612 ex
643 1554 777 1612 Platonis
808 1553 880 1614 Ione
914 1559 945 1614 et
975 1557 1160 1614 memorabili

118 1657 244 1733 quodam
262 1657 326 1716 loeo
341 1657 511 1716 Aristotelis
526 1658 664 1732 comicie,
687 1659 719 1717 in
735 1676 793 1735 quo
817 1649 852 1718 οἱ
875 1652 1028 1740 ἀρχαῖοι
1048 1649 1159 1742 Ὁμη-

117 1754 218 1841 ρικοὶ
241 1767 396 1834 notantur,
426 1767 569 1840 tanquam
595 1763 704 1822 nobilis
727 1764 797 1822 ordo
820 1763 973 1824 doctorum
994 1766 1159 1842 bominum,

117 1867 147 1925 in
168 1867 382 1926 minutissimis
404 1868 592 1926 haerentium
612 1868 698 1944 quasi
720 1868 916 1928 Masorethica
937 1865 1071 1952 curali).

202 1969 308 2030 Paullo
330 1973 439 2030 melius
461 1977 558 2032 aetate
580 1973 706 2032 Periclis
729 1973 761 2031 in
776 1973 1020 2051 interpretatione
1036 1975 1160 2036 Homeri

117 2077 282 2136 elaborasse
303 2077 442 2136 videntur
458 2077 629 2152 Sophistae,
652 2077 705 2155 qui
720 2079 833 2152 omnia,
857 2096 933 2155 qnae
956 2084 1021 2138 tum
1042 2081 1160 2139 liberali

12 2255 13 2258 Ἴ
117 2182 214 2240 studio
251 2181 343 2257 digna
377 2182 573 2255 habebantur,
616 2183 654 2240 ad
686 2182 877 2258 disciplinam
911 2201 996 2242 suam
1023 2185 1159 2260 redigere

12 2303 13 2306 ’
117 2287 211 2360 soliti,
235 2304 274 2345 ne
300 2287 491 2362 grammatica
514 2287 637 2364 quidem
656 2291 813 2364 praecepta
835 2294 867 2346 et
889 2289 1068 2365 optimorum
1089 2295 1159 2366 pob-

13 2381 14 2384 '
116 2397 212 2452 tarum
234 2393 394 2452 lectionem
422 2392 479 2450 sibi
508 2392 720 2468 negligendam
749 2396 937 2470 putaverunt.
981 2395 1028 2454 Ita
1055 2396 1158 2455 Prodi·

118 2515 183 2556 cum
205 2497 338 2573 legimns
364 2497 402 2556 de
432 2497 512 2556 veris
542 2498 740 2574 potestatibus
769 2499 978 2557 vocabulorum
1006 2505 1037 2559 et
1059 2502 1158 2562 causis

118 2620 219 2661 earnm
256 2602 405 2661 subtiliter
447 2602 616 2679 disputasse
629 2597 686 2683 ³⁰),
726 2602 858 2680 itemque
896 2598 1091 2683 Protalgoram
1127 2613 1217 2668 61167

118 2705 223 2766 Eleum
244 2707 386 2784 Hippiam
409 2725 444 2766 ea
470 2707 560 2784 plane
582 2706 751 2766 instituisse
773 2712 914 2782 tractare,
939 2727 1015 2786 quae
1038 2714 1158 2789 propria

119 2817 187 2870 sunt
201 2812 304 2871 doctae
315 2812 571 2888 interpretationis
584 2808 635 2886 31).
681 2809 775 2883 Quam
790 2812 917 2872 feliciter
930 2814 991 2888 illi,
1015 2835 1157 2892 quaerere

204 3019 248 3086 29)
262 3019 412 3089 metaphys.
423 3018 488 3072 ΧΠ.
497 3036 522 3087 p.
532 3018 591 3072 450.
602 3018 632 3072 a.
643 3018 739 3072 nava.
751 3019 837 3085 (mr.
848 3022 927 3086 aar.)
939 3021 1157 3094 [animula]

11 3083 12 3130 ³
121 3106 186 3161 Puto
205 3109 277 3160 enim
296 3124 359 3161 cum
376 3105 531 3174 Sylburgio,
556 3107 647 3160 locum
665 3107 738 3159 hunc
760 3106 792 3158 de
811 3109 1021 3178 enarratoribuS,
1049 3128 1102 3164 uon
1124 3114 1157 3166 de

122 3193 296 3249 imitatoribus
314 3194 426 3248 Homeri
450 3193 657 3262 intelligendum
681 3209 750 3246 esse.
786 3193 831 3246 Sic
857 3197 885 3247 et
902 3195 1026 3250 Eustath.
1052 3216 1077 3266 p.
1098 3199 1156 3255 260.

122 3282 193 3346 ponit
208 3283 271 3340 τοὺς
286 3277 458 3351 Ὁμηρικούς.
722 3309 727 3319 ·

205 3370 249 3436 30)
267 3369 345 3424 Plato
366 3369 472 3423 Oharm.
491 3385 516 3437 p.
533 3369 591 3422 163.
604 3369 637 3422 D.
655 3368 726 3422 Meu.
746 3387 771 3436 p.
792 3370 832 3422 75.
843 3370 872 3423 Ε.
892 3371 990 3440 Cratyl.
1010 3390 1035 3441 p.
1055 3373 1115 3428 384.
1126 3376 1156 3428 Β.
1227 3391 1241 3406 “

204 3458 247 3523 31)
266 3458 307 3510 De
334 3456 481 3525 Protagora
504 3473 530 3510 v.
553 3457 664 3510 Aristct.
683 3457 757 3510 Pcbt.
778 3456 818 3510 19.
866 3457 963 3512 Contra
991 3462 1062 3528 quod
1089 3465 1156 3516 scri-

124 3543 204 3608 psisse
229 3545 327 3599 deinde
354 3545 561 3611 Grammaticos,
589 3546 705 3612 arguunt
731 3543 829 3598 Scholl.
849 3548 876 3598 61
898 3546 973 3602 Eust.
992 3566 1018 3616 p.
1038 3550 1078 3604 10.
1115 3553 1156 3606 De

125 3626 217 3698 Hippia
233 3632 301 3686 Plat.
320 3632 400 3701 Hipp.
420 3633 456 3685 H.
482 3648 521 3701 pr.
541 3631 596 3684 Cic.
617 3631 650 3684 de
668 3632 711 3685 Or.
731 3632 781 3700 HI,
800 3632 856 3698 32,
884 3634 932 3687 ubi
959 3634 1001 3688 illi
1027 3639 1157 3694 tribuitur

127 3718 234 3785 cognitio
260 3723 413 3788 petitarum,
444 3721 623 3787 universeque
651 3720 685 3772 de
711 3719 845 3788 Sophistis
871 3720 980 3776 lecerat.
1007 3725 1155 3783 Panathen.

125 3817 150 3871 p.
165 3805 220 3861 436.
238 3805 298 3862 446.
316 3808 344 3862 Τ.
363 3808 399 3862 Π.
418 3809 517 3877 Anger.
537 3807 571 3878 [ξ.
591 3807 630 3861 18.
651 3810 678 3862 61
696 3808 750 3878 33.]
