3048 4588
568 329 732 383 Prolsgomena.
1139 330 1172 383 33

935 387 1173 415 ...mm-...L-

133 514 351 574 existimatione
376 505 380 594 1
403 512 488 572 181111
510 529 563 571 8118
591 511 655 572 1888
684 512 847 587 repositus,
877 515 909 569 et
936 509 1040 569 multis
1062 515 1216 578 exutus43

132 617 370 694 impedimentis,
400 618 600 694 quibuscum
622 616 701 675 docti
723 616 795 674 olim
816 614 936 674 honoris
959 633 1049 674 causa
1072 633 1174 676 onera-

18 783 19 802 ,
132 727 250 797 verant,
281 723 335 799 qui
364 723 509 798 optimum
537 725 688 780 auctorem
715 720 933 796 pulcherrimae
962 721 1035 779 artis
1060 720 1176 779 nollent

134 828 296 906 quidquam
317 827 450 901 nescire,
473 824 552 902 quod
575 841 628 885 suo
643 826 777 901 ipsorum
791 843 863 885 aevo
878 825 916 884 ad
932 823 1046 884 cultum
1065 825 1176 884 artium

134 937 163 991 et
184 931 363 991 munditiem
395 931 494 991 civilis
524 931 603 990 vitae
632 931 807 1005 referretur,
841 929 921 1006 apud
943 947 1052 1006 gnaros
1073 948 1175 990 rerum

134 1042 163 1097 et
184 1037 393 1113 intelligentes
413 1053 490 1095 novo
509 1035 615 1095 decore
636 1041 668 1096 et
686 1037 782 1112 gratia
804 1035 942 1094 8111811111.

219 1141 403 1218 Neutiquam
431 1141 517 1217 apud¹
541 1157 658 1215 omnes,
685 1140 770 1199 aiunt
790 1139 897 1217 aliqui;
921 1146 952 1199 et
972 1139 1058 1199 facile
1082 1139 1175 1199 credi-

18 1239 20 1262 *
133 1267 209 1308 mus.
254 1246 395 1306 Nondum
415 1247 497 1306 enim
522 1263 644 1322 prorsus
675 1246 770 1305 eiecta
801 1250 833 1304 et
860 1246 984 1323 explosa
1006 1251 1052 1306 est
1073 1265 1176 1307 eorum

133 1353 223 1428 ratio,
254 1353 307 1429 qui
329 1352 494 1411 Homerum
517 1356 548 1409 et
570 1349 784 1410 Callimachum
812 1355 842 1409 et
863 1349 1026 1426 Virgilium
1048 1355 1080 1412 et
1095 1350 1176 1411 Non·
1233 1391 1240 1407 .

133 1475 207 1517 num
237 1460 268 1516 et
298 1455 456 1514 Miltonum
486 1455 592 1514 eodem
622 1455 721 1514 animo
743 1455 862 1530 legrmt,
889 1472 960 1529 nec,
983 1455 1056 1532 quid
1073 1457 1177 1516 unius-

134 1563 281 1638 cuiusque
303 1565 384 1619 aetas
404 1561 494 1634 ferat,
516 1560 686 1636 expendere
707 1559 834 1635 legendo
857 1563 888 1618 et
906 1565 1076 1636 computare
1098 1561 1177 1621 labo-

18 1721 20 1772 ,
134 1671 210 1726 rant.
256 1665 490 1724 Reimannorum
511 1665 632 1743 quidem
660 1682 757 1741 nugas
783 1665 884 1724 rident
913 1664 980 1740 isti,
1010 1665 1063 1725 sed
1085 1666 1178 1726 iidem

135 1771 300 1848 aegerrime
332 1771 448 1845 ferunt,
476 1770 567 1830 deum
595 1773 751 1846 poetarum
778 1769 885 1829 rudem
913 1771 1008 1830 fuisse
1036 1771 1117 1831 credi
1144 1773 1178 1830 in

18 1905 19 1926 ι
135 1875 209 1953 ipsis
229 1875 389 1936 elementis
412 1875 626 1949 doctrinarum,
649 1892 722 1952 quas
743 1875 795 1952 qui
815 1879 916 1934 nostro
938 1880 1071 1952 tempore
1086 1894 1178 1953 prope

135 1985 259 2040 cunctas
280 1979 532 2056 complectrmtur,
560 1978 670 2039 lliadas
698 1984 801 2039 'tamen
820 1997 951 2057 pangere
976 1997 1036 2038 non
1053 1980 1177 2040 audent.

18 2141 22 2146 .
135 2085 269 2144 Tantone
292 2085 414 2160 ingenio
436 2090 471 2142 ut
492 2083 623 2161 denique
650 2102 719 2142 eum
748 2085 824 2161 ipsis
853 2083 915 2143 illis
937 2084 1094 2144 elementis
1115 2086 1178 2144 adi-

135 2195 256 2250 mantur
278 2207 321 2265 ea,

224 2294 307 2368 Quae
324 2312 406 2353 nunc
428 2295 568 2370 suspensi
589 2294 675 2370 pueri
696 2295 895 2354 instrumenta
916 2293 1027 2354 lacerto

222 2399 325 2459 Ludos
346 2397 505 2458 incedunt!

18 2503 19 2536 ff
135 2505 198 2566 Sed
214 2504 284 2563 nolo
306 2501 431 2563 irridere
454 2521 519 2578 eos,
542 2521 616 2580 quos
631 2503 776 2563 dedocere
790 2503 847 2563 hoc
861 2503 925 2563 loco
950 2496 953 2584 1
978 2502 1111 2563 alienum
1133 2508 1224 2566 est44

135 2615 166 2670 et
198 2627 306 2686 parum
338 2608 513 2668 modestum.
558 2608 635 2668 Nam
671 2614 742 2667 sunt
770 2609 803 2667 in
833 2609 872 2668 iis
903 2609 1041 2668 homines
1068 2607 1180 2668 Graece

134 2716 304 2791 Latineque
325 2714 498 2773 doctissimi.
544 2714 584 2772 At
607 2713 683 2773 illud
704 2713 780 2772 mihi
803 2713 926 2773 concedi
947 2718 1019 2790 puto
1042 2715 1181 2790 apleris-

136 2837 209 2897 que,
246 2819 279 2876 in
313 2818 439 2877 scientia
467 2818 589 2894 linguae
622 2817 752 2878 Graecae
786 2836 846 2876 non
879 2837 966 2878 8111118
999 2819 1181 2895 praesidium

18 3057 20 3094 ,
136 3014 234 3070 divelli
254 3013 395 3082 coepisset.
432 3011 491 3078 Qua
509 3013 542 3066 de
560 3028 589 3066 re
607 3011 674 3066 alibi
692 3027 827 3080 quaeram.
864 3011 916 3066 Sed
929 3013 1080 3067 Hesiodum
1098 3029 1182 3082 quum

136 3103 212 3171 dico,
232 3117 313 3154 omne
332 3099 402 3153 illud
413 3101 521 3168 tompus
538 3098 675 3169 intelligo,
694 3099 724 3152 in
737 3099 808 3168 quod
820 3099 1017 3154 Hesiodeorum
1029 3117 1098 3168 quae
1110 3117 1183 3155 nunc

18 3203 20 3210 ’
136 3189 263 3244 fanantur
282 3203 393 3256 operum
420 3186 551 3240 confectio
577 3186 683 3240 incidit.
719 3185 781 3240 Non
805 3187 854 3239 uni
878 3187 951 3241 enim
976 3186 1024 3240 illa
1041 3188 1184 3242 tribuenda

137 3292 198 3330 8888
217 3276 306 3344 patet3
336 3277 363 3327 et
381 3273 466 3327 multo
485 3273 564 3342 plura
580 3274 690 3326 nomine
711 3273 770 3326 eius
796 3274 951 3327 ferebantur
977 3274 1049 3342 apud
1066 3277 1181 3328 veteres.

136 3361 170 3415 In
193 3355 306 3431 Ἔργοις
331 3360 386 3414 loci
412 3362 477 3414 811111
501 3360 581 3413 11111111
609 3365 682 3428 πίνῳ
708 3362 877 3416 venerandae
902 3361 1047 3415 vetustatis
1075 3362 1183 3430 signati.

136 3447 293 3518 Theogonis
310 3449 402 3501 autem
420 3451 447 3501 et
466 3445 579 3502 Sestum
593 3447 674 3501 Herc.
692 3451 720 3500 et
731 3449 852 3502 maxima
867 3463 929 3516 pars
942 3463 1050 3516 aarum,
1070 3464 1183 3516 quorum

136 3536 235 3591 brevia
252 3535 404 3605 fragmenta
421 3537 581 3603 supersunt,
607 3534 755 3589 Homerum
785 3537 841 3590 toto
868 3537 941 3588 certe
964 3535 1071 3590 sacerdo
1089 3535 1183 3588 subse-

138 3625 267 3693 quuntur.
304 3621 395 3676 Huius
422 3621 462 3676 rei
490 3624 649 3692 argumento
676 3625 729 3691 est,
757 3623 829 3691 quod
851 3623 882 3675 in
899 3622 935 3676 iis
953 3621 1043 3691 plures
1061 3621 1184 3676 notiones

137 3727 225 3765 novae
254 3711 365 3764 exstant
391 3711 419 3762 et
443 3710 608 3764 imitationes
634 3709 756 3764 locorum
782 3710 1004 3778 Homerioorum,
1033 3710 1063 3762 in
1090 3709 1184 3778 primis

137 3799 273 3852 terrarum
292 3799 320 3850 et
337 3796 497 3865 populorum
513 3797 619 3852 auctior
637 3799 664 3850 et
683 3797 842 3865 explicatior
858 3798 963 3850 notitia.

183 3902 286 3944 Woltii
305 3900 469 3953 Prolegomena.
497 3899 572 3942 Editio
585 3899 625 3943 111.
992 3892 1010 3948 3
