3048 4588
573 372 738 426 Prolegomens.
1155 371 1172 424 3

17 521 19 558 ἶ
130 533 266 627 plurimis
288 554 377 612 rebus
397 557 429 612 et
451 553 574 628 (1111111,
597 557 629 612 11
648 553 819 630 quicunque
841 552 900 612 sibi
917 571 981 612 rem
1001 550 1172 612 historicam

17 663 19 680 '
133 657 344 733 exquirendam
368 658 510 733 sumpsit,
532 657 677 717 imitanda
700 661 746 717 est
766 657 838 716 boni
860 657 970 718 iudicis
988 657 1172 718 consuetudo

132 765 160 818 11
180 761 356 839 prudentia,
386 763 438 840 qui
460 763 560 838 prius,
592 761 665 839 quid
687 766 781 821 testes
803 763 944 837 afferant,
967 760 1048 821 lente
1070 761 1172 836 explo-

17 859 19 876 ³
131 871 186 938 rat,
199 869 241 924 ‘et
260 867 359 925 omnia
380 867 515 926 veritatis
538 871 714 942 argumenta
731 866 860 942 colligit,
891 885 981 944 quam
1002 866 1048 925 rei
1070 869 1171 942 gestae

132 970 330 1030 coniecturam
351 989 436 1030 suam
457 972 647 1048 interponere
663 971 777 1031 audeat.
823 973 867 1031 Ac
881 989 920 1032 ne
939 975 1038 1047 potest
1052 969 1173 1047 quidem

131 1075 205 1149 fieri,
228 1080 263 1134 11
284 1077 336 1153 qui
357 1077 461 1153 paucis
485 1077 650 1151 codicibus,
680 1076 783 1153 quales
805 1076 896 1152 vulgo
919 1079 1092 1150 occurnmt,
1114 1074 1172 1133 fre-

17 1241 19 1248 ,
131 1185 177 1239 tus
198 1180 399 1240 coniecturam
422 1182 559 1258 quamvis
593 1181 784 1257 sagacissime
819 1184 971 1255 exerceat,
1004 1181 1037 1239 in
1069 1179 1173 1238 multis

131 1289 259 1344 veterem
287 1303 321 1343 ac
350 1303 522 1362 germanam
553 1285 737 1362 scripturam
759 1289 942 1362 assequatur.
987 1283 1065 1342 Nam
1086 1288 1121 1342 ut
1140 1283 1173 1342 in

130 1391 217 1449 rebus
240 1389 407 1449 iudicandis
429 1391 597 1450 tabidarum
612 1395 644 1449 11
657 1391 824 1449 litterarum
838 1389 995 1466 penuriam
1017 1389 1174 1466 ingenium

131 1511 322 1571 compensare
344 1495 462 1554 nullum
484 1499 595 1572 potest;
618 1495 661 1553 ita
683 1495 826 1554 acerrima
847 1493 913 1553 eius
935 1493 996 1568 vis,
1017 1511 1078 1553 non
1100 1498 1174 1552 tem-

17 1635 19 1680 2
131 1605 230 1674 perata
252 1604 282 1658 et
316 1601 437 1659 subacta
469 1600 589 1659 assiduo
619 1618 677 1658 usu
709 1599 868 1673 librorum,
901 1599 934 1656 in
963 1597 1113 1658 historicis
1143 1602 1175 1657 et

17 1731 18 1734 ¹
130 1704 241 1763 criticis
273 1705 363 1764 rebus
394 1705 505 1764 frustra
538 1705 658 1763 laborat.
709 1703 826 1780 Quippe
861 1704 917 1762 has
950 1707 1094 1780 utraeque
1126 1720 1174 1762 res

130 1810 224 1885 magis
241 1803 245 1890 l
262 1810 383 1870 nomme
398 1828 487 1887 quam
499 1827 609 1885 genere
630 1810 710 1868 inter
735 1827 767 1868 se
790 1809 945 1882 differunt,
968 1827 1024 1868 nec
1047 1808 1200 1868 diversisb

130 1919 270 1974 tenentur
292 1915 445 1974 iudicandi
467 1915 589 1991 regulis.
635 1915 740 1992 Itaque
762 1920 797 1973 ut
818 1913 988 2002 ingenium,
1023 1914 1101 1973 sicut
1123 1931 1176 1990 par

18 2067 19 2070 ,
130 2025 188 2095 est,
226 2021 459 2080 membranaceis
496 2020 644 2080 thesauris
680 2020 770 2095 longe
806 2020 969 2095 praeferas,
1011 2018 1176 2095 plurimum

130 2129 229 2184 tamen
251 2125 377 2185 interest
399 2126 496 2203 ipsius
518 2125 646 2202 ingenii,
675 2143 768 2202 quam
789 2125 936 2201 plurimos
958 2124 1075 2183 codices
1097 2141 1175 2182 com-

17 2219 18 2224 *
129 2231 241 2304 parari,
267 2248 394 2306 quorum
423 2231 602 2290 testimoniis
632 2229 779 2288 iudicium
801 2229 839 2288 de
861 2247 931 2288 vera
952 2229 1080 2288 lectione
1099 2228 1176 2286 nita-

129 2339 191 2410 tur,
222 2339 254 2394 et
275 2335 380 2394 multis
409 2335 505 2394 modis
533 2335 691 2395 adiuvetur
722 2335 873 2393 divinatio
919 2332 1016 2407 Quare
1037 2352 1096 2410 quo
1118 2334 1176 2392 fre-

129 2441 269 2516 quentius
302 2441 429 2517 scriptor
461 2440 571 2517 aliquis
604 2441 643 2499 ad
678 2441 814 2500 codicum
845 2439 1033 2498 collationem
1054 2442 1176 2497 vocatus

129 2551 190 2620 est,
223 2564 258 2604 eo
280 2545 376 2621 magis
398 2546 478 2605 iusta
498 2546 551 2604 illa
573 2550 603 2606 et
623 2550 764 2606 constans
792 2545 928 2605 recensio
948 2545 1047 2603 locum
1069 2543 1175 2603 habet:

129 2651 161 2708 in
182 2652 306 2726 ceteris,
329 2652 382 2728 qui
403 2652 501 2711 adhuc
521 2651 670 2728 paucitate
694 2651 896 2710 subsidiorum
917 2651 1069 2724 laborant,
1097 2648 1177 2708 haud

130 2756 190 2814 scio
213 2774 252 2814 an
274 2756 510 2832 multiplicandis
531 2761 681 2816 textorum
712 2757 816 2815 formis
846 2756 920 2815 haec
943 2755 1055 2830 studia,
1085 2753 1177 2813 nimis

130 2878 184 2936 per
218 2877 251 2920 se
283 2878 419 2936 operosa,
452 2861 653 2937 impediantur
685 2861 786 2937 potius
817 2879 907 2937 quam
939 2862 1090 2918 ornentur.
1139 2857 1177 2916 11

17 2959 19 3032 ἶ
129 2965 205 3025 tales
226 2983 335 3042 nempe
361 2967 506 3041 recognitio
535 2966 692 3043 quaedam,
721 2983 783 3025 non
809 2965 875 3024 veri
902 2963 1032 3022 nominis
1061 2965 1177 3021 recessio

17 3067 19 3074 '
130 3071 236 3130 cadere
258 3069 353 3130 videri
375 3075 482 3146 potest.

634 3241 678 3307 H.

219 3393 280 3454 Sed
302 3394 407 3454 dehis
430 3393 463 3452 in
492 3394 667 3453 universum
697 3412 785 3454 nemo
816 3394 961 3470 ambigat:
995 3393 1028 3451 in
1050 3393 1178 3453 Homero

131 3504 247 3574 autem,
268 3499 476 3577 antiquissimo
497 3504 580 3573 vate,
602 3499 635 3557 id
656 3500 757 3574 ipsum
779 3498 909 3558 dubitari
931 3499 1034 3573 vide0,
1062 3499 1178 3558 tantine

131 3609 193 3664 tam
215 3623 360 3665 novorum
382 3606 518 3664 codicum
545 3606 704 3665 auctoritas
726 3605 862 3678 facienda
885 3605 931 3666 sit.
976 3604 1054 3664 Nam
1076 3605 1178 3666 nullus

133 3729 236 3771 eorum
257 3729 297 3771 111
319 3715 536 3788 postremorum
563 3711 685 3788 quidem
707 3710 881 3770 Latinorum
903 3709 1081 3786 scriptorum
1102 3714 1178 3770 tem-

133 3834 204 3892 pora
222 3816 360 3893 attingit,
383 3816 472 3892 pauci
494 3819 564 3875 sunt
586 3819 616 3874 11
633 3816 708 3889 rari,
731 3816 783 3892 qui
802 3815 871 3874 XII.
886 3815 936 3874 111
950 3815 1003 3875 XI.
1027 3814 1179 3874 saeculum

963 3923 979 3978 1
989 3921 1004 3953 *
