2980 4576
321 355 371 406 184
763 353 927 405 Prolsgomena.

260 530 422 616 23866161ς
450 536 487 594 ab
510 527 682 594 ἐπεκδόσει
712 529 976 610 disnnguann22).
1020 533 1127 611 Neque
1157 552 1228 593 vero
1256 549 1311 608 per
1333 548 1366 590 se
1467 561 1469 596 1

320 639 512 718 improbabile
542 644 601 712 est,
635 639 762 698 eandem
795 656 859 698 rem
893 638 1002 698 fecisse
1023 639 1242 712 Aristarchum,
1277 655 1367 714 quarn
1468 715 1469 722 ἶ

320 744 394 804 16511
416 744 592 820 Apollonius
613 742 748 802 Rhodius
771 749 803 802 61
828 742 881 801 5111
904 748 1009 820 postea
1031 760 1092 802 non
1114 743 1217 820 pauci,
1247 741 1368 818 scriptis
1468 729 1469 748 ¹

322 849 385 910 suis
405 848 515 908 iterum
536 847 677 907 limandis
699 853 730 908 et
745 847 984 922 castigatioribus
1004 847 1138 908 edendis.
1184 845 1368 922 Quanquam,

321 973 414 1032 quum
435 953 568 1031 praecise
583 953 615 1011 id
629 970 757 1027 negasse
774 951 911 1011 videatur
925 953 1119 1027 Ammonius,
1141 952 1242 1027 gravis
1257 955 1369 1024 auctor,

321 1059 387 1118 fieri
411 1059 500 1118 etiam
523 1057 599 1116 illud
622 1057 736 1134 potuit,
758 1061 793 1115 ut
807 1056 856 1116 vel
877 1074 916 1116 ex
937 1057 1156 1116 adnotamentis
1178 1054 1369 1132 exemplaris,

320 1164 480 1224 heredibus
510 1163 623 1237 relicti,
658 1163 707 1221 vel
740 1179 779 1222 ex
811 1161 897 1220 libris
925 1161 1226 1236 Commentariorum,
1256 1158 1305 1219 vel
1328 1177 1369 1218 ex

321 1269 447 1342 scholis,
470 1269 503 1326 in
526 1268 639 1344 quibus
655 1267 820 1326 sententias
843 1283 913 1326 suas
937 1266 1077 1326 secundis
1097 1266 1177 1325 curis
1192 1265 1368 1338 retractant,

321 1374 549 1434 concinnaretur
582 1371 718 1431 recensio
752 1389 830 1430 nova
863 1377 895 1430 et
925 1372 1037 1447 passim
1071 1371 1190 1430 diversa
1216 1388 1234 1427 a
1260 1369 1367 1446 priore,

321 1497 411 1557 quam
440 1479 506 1555 ipse
535 1477 748 1555 publicaverat.
793 1475 857 1536 Hae
885 1476 1053 1552 probabiles
1083 1475 1270 1535 coniecturae
1297 1480 1368 1534 sunt

321 1582 487 1644 doctissimi
514 1581 684 1641 Villoisonii
698 1575 753 1659 ²³),
785 1582 895 1658 quibus
927 1581 1056 1640 libenter
1088 1580 1251 1657 acquiesco.
1302 1578 1367 1638 Nec

321 1705 427 1764 operae
456 1687 586 1763 pretium
616 1692 688 1764 puto
715 1686 837 1744 haerere
867 1685 900 1744 in
930 1703 981 1759 eo,
1013 1686 1092 1763 quod
1114 1685 1290 1743 Ammonius
1311 1684 1366 1744 iste

321 1793 371 1852 vel
393 1792 587 1866 Posidonius,
609 1791 765 1850 familiaris
788 1795 819 1850 et
838 1793 1017 1864 anagnostes
1032 1789 1214 1864 Aristarchi,
1235 1789 1284 1848 vel
1298 1789 1364 1848 Pto-

321 1898 455 1957 lemaeus
477 1895 646 1956 Ascalonita
668 1895 717 1954 vel
739 1895 888 1970 Didymus
911 1895 1015 1972 paucis
1029 1894 1127 1954 verbis
1141 1912 1196 1953 nos
1217 1893 1364 1966 docerent,

323 2003 350 2062 si
379 2005 544 2074 exstarent,
575 2001 661 2060 nobis
691 2005 806 2074 autem,
837 2004 871 2058 ut
893 1999 1003 2058 similia
1025 1998 1133 2073 multa,
1161 1997 1316 2073 cogitando
1335 2001 1364 2056 et

323 2105 483 2164 divinando
501 2105 539 2164 ad
559 2104 709 2181 liquidum
730 2103 894 2179 perducere
917 2121 978 2162 non
998 2103 1078 2162 licet.

409 2209 569 2286 Pergimus
602 2208 640 2267 ad
674 2207 906 2285 descriptionem
936 2207 1119 2267 recensionis
1151 2208 1363 2281 Aristarcheae,

263 2318 314 2373 239
323 2315 356 2374 in
378 2320 523 2393 quantum
543 2314 596 2372 illa
620 2331 658 2373 ex
679 2317 741 2372 tam
763 2313 867 2390 paucis
888 2313 1022 2387 indiciis,
1045 2308 1186 2394 adlhibita
1200 2314 1365 2374 coniectura

323 2424 354 2478 et
381 2419 479 2478 animo
513 2418 545 2476 in
574 2419 632 2476 ista
662 2423 796 2494 tempora
820 2434 978 2491 converso,
1011 2417 1137 2476 anobis
1162 2417 1228 2476 fieri
1249 2417 1364 2494 poterit.

322 2523 388 2584 Etsi
421 2523 517 2596 enim,
549 2528 584 2581 ut
616 2522 695 2596 dixi,
729 2521 847 2579 nullum
880 2525 1017 2580 veterum
1051 2520 1228 2580 Oriticorum
1258 2522 1365 2580 melius

323 2627 548 2701 cognoverimus
567 2625 755 2700 Aristarcho,
785 2630 899 2700 tamen,
934 2625 1042 2684 sinon
1072 2625 1185 2702 aliquot
1207 2626 1365 2701 particulas

324 2730 376 2790 sed
398 2730 539 2791 universa
563 2749 685 2808 corpora
708 2734 842 2806 spectes,
865 2735 926 2788 tam
940 2748 1047 2805 parum
1062 2730 1152 2790 etiam
1167 2731 1200 2790 in
1215 2730 1271 2790 hoc
1285 2729 1365 2807 pleni

322 2937 475 3008 iterumque
499 2937 661 3002 διήλλαττον
684 2937 714 2987 αἱ
732 2930 919 3006 Ἀριστάρχου.
958 2936 1029 2990 Vide
1047 2937 1080 2992 ad
1098 2944 1123 3005 β.
1144 2938 1203 2992 131.
1223 2937 1305 2993 05151.
1325 2937 1363 2991 24.

324 3022 512 3092 [5511186.
538 3022 624 3092 [579]
647 3042 671 3092 γ.
690 3024 750 3077 416.
777 3024 801 3076 d.
821 3022 880 3077 282,
900 3022 960 3077 527.
986 3041 1005 3076 ε.
1025 3024 1084 3078 132.
1104 3023 1162 3078 181.
1188 3027 1206 3085 ζ.
1228 3026 1286 3078 113.
1308 3026 1363 3078 174,

323 3117 350 3163 d.
377 3110 436 3164 213.
467 3111 526 3165 495.
561 3131 579 3163 ι.
605 3111 665 3165 653.
695 3109 780 3179 [657]
808 3111 868 3164 677.
896 3109 980 3178 [681]
1014 3130 1037 3164 κ.
1063 3111 1121 3165 159.
1150 3113 1173 3163 1.
1197 3112 1256 3166 631.
1284 3109 1363 3179 [631]

322 3217 345 3251 ν.
365 3198 424 3252 359.
444 3198 502 3253 627.
533 3200 553 3258 ξ.
575 3198 616 3252 36.
636 3198 677 3251 67.
697 3197 757 3252 427.
786 3217 808 3250 o.
825 3198 886 3253 459.
914 3216 944 3251 n.
963 3198 1023 3252 439.
1053 3213 1077 3252 o.
1097 3197 1156 3251 579.
1188 3209 1218 3266 ψ.
1238 3198 1297 3252 273.
1316 3201 1362 3251 etc.

322 3284 424 3338 Eodem
441 3284 459 3336 1.
482 3300 505 3338 6.
525 3284 559 3338 56
585 3283 698 3339 alteram
721 3283 869 3338 editionem
887 3283 1029 3338 Villoison.
1049 3285 1130 3337 refert
1153 3283 1201 3343 τὰς
1220 3285 1363 3351 ἐξητασμέ-

321 3390 371 3431 νας
385 3366 561 3440 Ἀριστάρχου
581 3390 605 3436 η.
625 3370 683 3424 136.
721 3370 849 3424 Ceterum
876 3370 948 3424 fama
974 3370 1042 3423 haee
1067 3370 1101 3423 de
1124 3369 1226 3438 duplici
1245 3369 1362 3438 exemplo

323 3457 477 3513 Aristarchi
496 3457 575 3511 nobis
599 3457 655 3510 iam
680 3456 745 3512 olim
764 3460 828 3510 nota
846 3459 904 3510 arat
922 3473 957 3510 ex
975 3457 1081 3510 duobus
1099 3457 1199 3511 Soholl.
1218 3458 1252 3512 ad
1270 3478 1287 3511 ι.
1306 3456 1361 3510 310.

323 3545 425 3600 61653.
452 3547 480 3599 61
503 3561 538 3598 ex
555 3543 686 3613 Lipsicis:
714 3544 786 3612 apud
814 3543 990 3598 Eustathium
1017 3559 1077 3598 eam
1102 3560 1156 3597 non
1183 3545 1294 3598 memini
1322 3558 1360 3596 me

322 3632 420 3702 legere.

410 3718 455 3784 22)
475 3717 514 3772 Ut
532 3718 567 3773 56
588 3736 617 3769 π.
637 3717 696 3772 613.
716 3737 745 3772 tr
759 3716 818 3771 386.

411 3804 454 3872 23)
474 3803 596 3875 Prolegg.
617 3805 651 3859 ad
669 3804 701 3858 ll.
720 3821 745 3874 p.
763 3803 883 3860 XXVII.
