2984 4580
335 338 387 391 212
775 340 939 394 Prolegornena.

271 517 363 579 27411
384 521 564 581 recentiores
586 522 695 600 aliqui,
724 523 758 581 in
780 523 889 601 quibus
910 523 1006 582 instar
1027 522 1161 581 omnium
1181 517 1378 579 Hemsterhu-

333 624 396 684 sius
418 631 478 702 est,
507 627 596 704 plane
619 629 821 704 probaverunt
850 628 996 687 iudicium
1025 627 1115 702 illud,
1145 645 1204 704 quo
1232 623 1380 683 iudicium
1416 703 1419 708 Ι

331 727 448 790 Paridis
477 732 600 791 tollitur.
656 731 762 810 Neque
794 733 935 810 equidem
966 737 1067 792 tantae
1100 729 1269 790 auctoritati
1298 727 1380 786 oblo-

332 853 453 910 querer,
486 838 547 896 nisi
577 838 664 913 mihi,
697 844 732 897 ut
759 837 831 897 alibi
862 839 1042 914 significari,
1074 837 1108 896 in
1141 837 1190 895 1111
1218 832 1380 910 postremis

332 939 425 998 alium
454 945 606 1000 auctorem
635 960 726 1020 quam
751 943 886 1020 priorum
912 942 1056 1001 librorum
1086 935 1090 1021 1
1119 941 1223 999 audire
1252 937 1380 996 viderer.

332 1044 421 1104 Nunc
443 1063 514 1104 vero
536 1053 567 1106 et
587 1047 663 1106 illud
685 1052 717 1107 et
738 1048 921 1107 Hesiodeam
942 1040 1137 1127 μαχλοσύνην
1145 1039 1189 1125 ⁶⁰)
1211 1043 1290 1103 haud
1312 1059 1382 1117 gra-

332 1155 400 1209 vate
423 1151 497 1226 fero,
520 1153 577 1212 etsi
600 1170 635 1211 ea
653 1152 713 1210 iam
734 1153 768 1210 in
782 1152 1000 1230 Aristophaneo
1022 1156 1054 1211 et
1074 1151 1108 1210 in
1125 1149 1237 1209 urbicis
1257 1147 1382 1225 quibus-

333 1255 402 1314 dam
425 1257 648 1333 exemplaribus
670 1257 798 1334 expulsa
820 1262 897 1332 erat,
919 1263 981 1316 toto
996 1255 1184 1316 116111111101110
1199 1256 1243 1314 111
1256 1257 1382 1324 mutato,

333 1352 406 1441 ἥοῖ
428 1353 639 1442 κεχαρισμένα
662 1357 736 1442 δῶρ’
760 1355 900 1444 ὀνόμηνε.
946 1361 1042 1436 Quam
1068 1365 1149 1421 recte
1178 1364 1210 1419 et
1231 1357 1383 1433 religiose,

333 1483 394 1524 non
414 1465 551 1525 dixerim.
595 1466 674 1526 Nam
695 1486 802 1544 parum
829 1467 996 1544 probabiles
1019 1471 1091 1543 puto
1113 1484 1164 1526 eas
1186 1481 1384 1558 0111111001-
1490 1537 1491 1540 Ἴ

334 1570 462 1630 iacturas
482 1576 512 1630 11
535 1571 649 1646 obelos,
672 1573 782 1649 quibus
805 1577 940 1632 extrema
960 1572 1070 1630 Hiados
1092 1572 1131 1630 ad
1153 1568 1385 1630 similitudinem

334 1674 510 1734 Homericae
540 1676 767 1736 consuetudinis
799 1695 853 1754 per
885 1677 947 1736 vim
979 1677 1127 1751 refingere
1160 1665 1384 1752 voluenmt⁶⁰).

336 1779 415 1838 Alibi
438 1781 558 1856 saepius
579 1781 731 1840 obscurior
753 1785 799 1840 est
821 1781 972 1841 sententia
986 1780 1159 1840 Aristarchi.
1196 1779 1236 1838 Ut
1254 1795 1289 1839 rc.
1307 1779 1384 1836 613.

335 1884 484 1943 incertum
506 1889 565 1960 611,
587 1885 675 1945 hicne
697 1886 764 1962 ipse
785 1904 892 1946 versus
915 1905 954 1945 an
969 1885 1099 1963 proximi
1121 1885 1193 1958 duo,
1214 1884 1267 1961 qui
1288 1881 1386 1940 nimis

335 1983 524 2069 raraotdyor
540 1994 624 2065 sunt,
647 1990 797 2050 abfuerint
819 1992 856 2050 ab
878 1992 972 2050 altera
990 1991 1165 2050 recensione
1179 1988 1271 2046 illius.
1307 1987 1392 2045 Item
1491 2000 1492 2005 ’

337 2111 357 2153 ι.
383 2075 574 2153 cel—690.
598 2089 821 2177 (688-694.)
849 2096 1024 2172 ambiguum
1051 2094 1147 2154 videri
1169 2097 1284 2170 potest,
1314 2091 1393 2168 quid

336 2198 527 2258 Aristarchus
550 2200 666 2276 primus
680 2201 800 2275 fecerit,
824 2201 956 2279 quidque
972 2201 1093 2260 omniuo
1110 2197 1270 2272 notaverit,
1293 2215 1394 2274 quum

336 2305 495 2382 perspicue
515 2310 691 2365 numeretur
713 2306 745 2365 in
767 2298 936 2367 0111110101.
973 2305 1086 2380 Quodsi
1108 2303 1237 2364 isidem
1258 2301 1332 2376 fuit,
1354 2307 1395 2360 ut

337 2410 485 2485 suspicor,
514 2410 567 2486 qui
588 2411 688 2469 locum
710 2411 797 2470 illum
818 2403 981 2488 συνέτεμε,
1012 2410 1133 2470 reiectis
1166 2427 1220 2468 sex
1248 2407 1395 2466 versibus

301 2515 305 2522 '
336 2513 379 2571 ita
409 2513 538 2573 scribere
568 2515 676 2590 voluit,
706 2520 742 2573 ut
770 2512 876 2596 Χεῖρα
907 2504 959 2596 ἑήν
988 2517 1080 2574 finem
1106 2514 1219 2573 faceret
1245 2511 1395 2571 orationis

337 2617 470 2692 Ulyssis,
500 2618 588 2695 eique
618 2621 721 2678 versui
752 2620 947 2696 subiungeret
976 2620 1051 2679 duos
1073 2620 1157 2694 illos,
1179 2602 1242 2689 Ὣς
1268 2606 1321 2700 ἕῳ.
1346 2651 1393 2659 -

339 2726 449 2804 σιωπῇ
476 2727 506 2782 61
528 2719 596 2806 Aba
622 2712 651 2783 d⁰
675 2717 756 2804 ἄνεῳ
781 2758 821 2768 -
842 2713 989 2800 Ἀχαιῶν,
1013 2725 1112 2784 deleto
1141 2742 1188 2798 eo,
1217 2723 1269 2799 qui
1296 2721 1394 2797 vulgo
1489 2761 1490 2764 ¹

279 2827 387 2885 2151111
409 2827 604 2904 interpositus
628 2835 688 2904 est,
713 2825 716 2912 1
741 2849 759 2888 1
781 2849 829 2890 me
851 2831 938 2890 uncis
961 2830 1105 2889 inclusus.
1141 2827 1219 2888 Nam
1240 2827 1291 2886 hic
1312 2827 1394 2885 mihi

340 2951 458 3009 semper
472 2933 641 3010 importune
656 2935 804 3011 repetitus
818 2936 990 3009 videbatur,
1006 2953 1099 3013 quum
1115 2934 1298 3018 superiores,
1316 2931 1395 2991 licet
1464 2970 1468 2982 ·

340 3043 371 3097 61
386 3039 467 3115 ipsos
487 3040 643 3115 molestos,
667 3045 790 3117 propter
803 3040 1044 3100 commoditatem
1060 3038 1276 3099 sententiarum
1290 3037 1394 3095 feren-
1488 3059 1490 3070 ‚

327 3307 329 3312 ’
429 3328 474 3396 ee)
501 3329 574 3384 conr.
594 3329 692 3384 suras
715 3333 743 3383 et
760 3329 884 3398 Aponon.
902 3345 961 3384 voc.
980 3328 1141 3399 μαχ1οσ1η
1167 3327 1261 3396 ibique
1280 3326 1391 3380 unos.

342 3415 429 3469 Simul
453 3433 487 3469 err
510 3417 562 3470 hac
585 3434 614 3471 re
638 3417 830 3487 intelligimus,
857 3415 1045 3470 Aristarchum
1065 3414 1184 3468 Hesiodo
1207 3430 1258 3468 seu
1282 3413 1391 3468 auctori

342 3503 511 3573 Καταλόγων
527 3503 682 3558 inferiorem
701 3522 782 3574 quam
801 3504 918 3559 Homero
937 3505 1053 3558 aetatem
1071 3502 1208 3555 tribuisse.

430 3624 475 3690 60)
498 3624 530 3678 Id
554 3625 593 3680 ita
616 3626 718 3680 factum
742 3641 802 3679 esse
826 3609 930 3680 clarum
954 3627 995 3679 est
1013 3641 1047 3678 ex
1066 3623 1165 3678 Scholl.
1185 3623 1220 3677 ad
1243 3625 1274 3675 Y.
1293 3625 1328 3673 φ.
1353 3626 1389 3673 Ψ.

225 3741 227 3744 -
343 3710 376 3763 In
401 3711 499 3779 quibus
522 3713 674 3781 rhapsodiis
699 3713 823 3767 certatim
840 3712 1011 3767 elaborarunt
1027 3713 1147 3779 veteres,
1172 3711 1204 3762 ut
1227 3711 1301 3762 notas
1325 3724 1389 3775 pro-

344 3797 418 3866 prias
437 3798 586 3853 alienorum
604 3799 774 3869 ingeniorum
792 3800 950 3853 eximerent.
