2980 4576
123 535 224 589 cantus
245 531 281 589 ab
303 529 421 588 illorum
442 548 492 589 ore
511 531 689 607 pendebant.
734 532 771 590 In
793 532 967 592 clarissimis
987 533 1076 592 huius
1100 551 1162 592 sae·

122 635 179 694 culi
205 635 363 711 rhapsodis
386 640 565 694 memoratur
585 637 664 696 circa
686 635 802 714 Olymp.
826 637 935 697 LXIX.
981 638 1163 713 Cynaethus,

120 739 250 799 Pindaro
271 740 419 816 aequalis,
448 741 500 816 qui
523 741 596 800 Chio
617 742 823 817 commigravit
846 743 1021 818 Syracusas,
1051 743 1100 802 vel
1121 744 1163 802 ibi

11 871 12 912 3
120 846 249 904 maxime
265 849 359 904 artem
381 837 598 925 fatcdtavit21).
635 847 734 923 Atque
757 847 847 907 huius
861 848 1054 925 professionis
1068 849 1162 907 homi·
1173 855 1221 909 161

11 989 12 992 ¹
119 967 171 1008 nes
201 967 297 1026 quum
324 967 411 1009 omne
440 954 561 1027 tempus
583 956 793 1012 consumerent
821 951 855 1011 in
887 952 1046 1012 ediscendo
1068 957 1163 1028 poeta,

120 1053 241 1113 eosdem
261 1055 328 1114 eius
346 1055 458 1130 primos
478 1056 656 1132 interpretes
682 1056 776 1116 trisse
798 1060 893 1134 putes.
940 1057 1000 1116 Sed
1021 1057 1105 1115 nullo
1132 1057 1164 1115 id

120 1161 311 1218 confirmatur
332 1165 412 1220 certo
435 1161 606 1220 testimonio
638 1161 798 1238 scriptoris.
844 1160 928 1234 Quod
950 1163 1032 1221 enim
1054 1180 1163 1221 ancn-

119 1264 211 1323 nullis
234 1266 359 1324 affertur
380 1265 527 1340 Platonis,
558 1266 633 1324 illud
663 1267 695 1324 in
717 1267 775 1326 isto
799 1272 942 1327 contextu
964 1268 1001 1326 ad
1026 1267 1163 1344 quemvis

118 1376 249 1430 actorem
272 1389 379 1430 scenae
399 1372 555 1431 transferri
576 1345 778 1454 potue‘rat22).
822 1372 964 1446 Quocirca
979 1391 1039 1432 non
1052 1374 1162 1448 dubito,

119 1477 190 1552 quin
214 1475 417 1554 antiquissimi
431 1476 601 1554 philosophi
613 1483 748 1538 auctores
762 1478 1019 1554 interpretationis
1034 1479 1164 1538 habendi

119 1581 193 1656 sint,
222 1585 254 1640 et
283 1581 369 1642 initio
396 1581 517 1658 quidem
547 1580 780 1663 πραγματικῆς.
825 1583 903 1642 Nam
931 1586 1090 1644 verborum
1113 1586 1163 1644 ob

120 1687 247 1746 scuritas
268 1685 331 1746 illis
361 1687 490 1746 saeculis
517 1687 676 1746 admodum
706 1688 789 1747 nulla
811 1693 888 1764 erat,
919 1689 1036 1766 quando
1058 1690 1163 1749 eadem

119 1794 212 1852 forma
230 1792 372 1851 orationis
395 1793 533 1870 usurpari
557 1794 671 1854 solebat
683 1795 719 1854 ab
734 1795 846 1871 optimo
862 1812 979 1872 quoque
999 1799 1161 1872 poetarum.

119 1897 234 1956 Verum
266 1897 437 1974 philosophi
470 1915 563 1974 quum
596 1897 749 1972 viderent,
783 1917 866 1958 sacra
891 1899 994 1958 haberi
1017 1899 1162 1975 Carmina,

120 2002 323 2079 celebrarique
353 2003 434 2062 omni
464 2004 587 2079 populo,
621 2022 659 2063 ex
680 2004 779 2081 iisque
797 2004 877 2064 vitae
898 2009 980 2064 recte
1003 2003 1163 2064 instituen-

120 2111 172 2171 dae
194 2114 355 2187 praecepta
378 2109 469 2183 sumi,
500 2127 598 2186 neque
620 2113 721 2170 tamen
748 2109 840 2169 iniis
863 2128 923 2168 non
947 2111 1163 2170 animadverte-

119 2221 186 2276 rent
200 2215 297 2274 multa
310 2213 401 2288 falso,
423 2213 550 2274 ridicule
566 2219 597 2273 et
611 2214 749 2274 indecore
768 2215 842 2290 fingi
864 2215 1022 2274 denatura
1040 2215 1163 2274 deorum

9 2309 14 2386 ,“
119 2327 150 2381 et
168 2339 286 2395 rerum,
316 2295 559 2396 interpretatione
589 2337 643 2378 sua
672 2319 820 2395 corrigere
850 2321 983 2394 fabulas,
1013 2325 1103 2398 atque
1125 2321 1163 2379 ad

10 2432 14 2455 ¹
119 2427 276 2503 physicam
298 2430 330 2484 et
351 2416 502 2503 molralem
523 2425 687 2484 doctrinam
712 2442 783 2484 suae
806 2425 912 2485 aetatis
934 2426 1162 2499 accommodare,
1173 2431 1223 2486 162

119 2532 250 2609 denique
273 2530 411 2590 historias
432 2535 462 2590 et
484 2531 599 2608 reliqua
618 2531 681 2590 fere
704 2531 803 2591 omnia
823 2531 860 2590 ad
883 2531 1036 2592 involucra
1058 2532 1162 2610 exqui-

120 2637 192 2697 sitae
228 2635 392 2713 sapientiae
425 2637 542 2695 trahere
575 2641 745 2715 coeperunt.
797 2635 861 2697 Hoc
893 2637 926 2695 in
959 2656 1070 2714 genere
1103 2639 1162 2697 iam

119 2742 195 2802 cirea
220 2741 339 2818 Olymp.
363 2740 487 2816 LXIIL,
512 2742 544 2799 in
559 2760 618 2818 qua
632 2741 807 2801 Pisistratus
827 2743 973 2818 decessit,
996 2744 1163 2804 elaborabat

206 3020 252 3086 21)
271 3018 360 3074 Schol.
379 3019 457 3074 Pind.
477 3021 511 3075 ad
529 3021 608 3075 Nem.
626 3021 663 3075 Π.
682 3039 722 3090 pr.

206 3107 251 3174 22)
270 3107 335 3161 Ione
353 3125 378 3177 p.
398 3107 457 3162 530.
472 3107 499 3162 (l.
530 3110 570 3161 ot
596 3109 649 3178 γὰρ
676 3111 785 3178 γένοιτό
809 3129 877 3163 ποτε
902 3111 1046 3182 ῥαψῳδός,
1073 3117 1098 3165 εἰ
1122 3115 1162 3182 μὴ

120 3201 200 3268 συνίῃ
219 3195 254 3247 τὰ
272 3197 407 3265 λεγόμενα
427 3196 482 3247 ὑπὸ
499 3197 550 3248 τοῦ
570 3199 697 3262 ποιητοῦ.
738 3197 794 3250 Τὸν
818 3197 873 3267 γὰρ
891 3201 1026 3272 ῥαψῳδὸν
1043 3201 1162 3268 ἑρμηνέα

119 3283 161 3336 δεῖ
187 3283 239 3334 τοῦ
267 3284 386 3348 ποιητοῦ
409 3283 457 3350 τῆς
488 3283 615 3344 διανοίας
642 3289 789 3353 γίγνεσθαι
815 3290 874 3344 τοῖς
901 3286 1059 3340 ἀκούουσιν.
1095 3287 1161 3356 Spe-

7 3391 8 3400 *
119 3371 220 3425 ciosius
247 3372 301 3438 est,
338 3371 410 3438 quod
436 3373 580 3439 respondet
607 3372 651 3440 Io,
678 3387 757 3441 posse
784 3388 813 3426 se
846 3373 978 3425 adflicta
1005 3375 1162 3444 ἀνθρώπων

119 3459 208 3526 λέγειν
226 3458 291 3526 περὶ
310 3456 441 3527 Ὁμήρου,
468 3475 553 3526 eaque
577 3458 607 3511 in
631 3475 661 3512 re
680 3461 783 3514 certare
801 3476 864 3513 cum
882 3460 1073 3528 interpretibus
1091 3462 1160 3530 opti-

7 3545 8 3556 *
119 3546 179 3599 mis.
215 3543 248 3596 In
266 3544 363 3598 ceteris
382 3544 492 3613 quidem
510 3545 556 3598 hio
568 3546 721 3615 pulchellus
739 3547 872 3615 interpres
886 3547 956 3600 nihil
968 3548 1069 3616 profert
1087 3550 1161 3604 tanto

119 3631 195 3686 hiatu
214 3631 339 3701 dignum:
359 3632 406 3686 sed
426 3633 544 3700 potuerit
560 3633 588 3686 id
606 3634 709 3703 facere,
727 3638 759 3688 ut
772 3635 971 3704 Sydeuhamius
986 3639 1089 3704 censet,
1108 3653 1162 3692 non

121 3719 275 3786 quaerimus
300 3719 333 3772 de
357 3720 498 3788 rhapsodis
523 3721 619 3775 aetatis
642 3721 809 3791 Platonicae,
833 3724 881 3776 sed
907 3724 940 3776 de
961 3723 1081 3793 antiquis
1100 3741 1162 3780 suo-

122 3807 270 3862 cessoribus
288 3807 401 3861 ἀοιδῶν.
421 3808 459 3862 cf.
477 3826 504 3877 p,
524 3809 583 3864 535.
596 3811 628 3864 A.
