3048 4588
563 343 726 396 Prolegomena.
1136 343 1170 398 81

134 525 316 585 insimulatur
337 525 425 585 illum
446 529 511 584 mm
533 524 601 584 aliis
623 524 719 584 modis
743 525 927 601 corrupisse,
952 529 1017 583 tum
1038 525 1173 601 proprios

134 648 232 690 versus
258 630 456 692 inculcavisse
470 626 522 712 ⁷⁷).
568 629 664 704 Quare
695 629 836 707 equidem
863 629 1055 705 crediderim,
1085 628 1112 689 si
1135 648 1174 690 ex

134 735 232 794 talium
252 736 467 814 rhapsodorum
489 753 539 794 ore
562 723 723 811 exceptum
742 735 830 794 hodie
855 739 988 796 exstaret
1001 735 1174 812 exemplum

134 839 263 915 Homeri,
294 842 331 900 ab
360 840 588 918 insequentibus
622 838 741 899 Oritiois
772 857 833 898 non
862 839 1014 914 limatum,
1049 839 1175 899 eandem

134 943 210 1004 illius
242 944 351 1005 faciem
384 946 516 1004 1111110111
549 963 633 1019 esse,
669 963 758 1022 quam
789 944 917 1004 maiores
945 945 1040 1004 nostri
1067 945 1178 1020 Hymni

135 1050 342 1108 Honwridaram
364 1050 481 1110 habent.

215 1155 366 1214 Admonet
387 1174 435 1215 me
458 1156 515 1214 hoc
534 1173 644 1214 nomen
665 1153 866 1230 Hymuorum,
889 1155 926 1214 ab
946 1155 1175 1216 Hemsterhusio

135 1265 165 1320 et
182 1260 249 1320 aliis
272 1260 399 1320 eruditis
421 1260 593 1334 inductum,
620 1263 655 1318 ut
683 1259 821 1320 adiiciam
850 1258 964 1336 aliquid
986 1259 1023 1319 de
1045 1260 1175 1337 interpo-

133 1365 239 1425 latione
258 1365 487 1442 rhapsodorum,
510 1383 549 1424 ex
569 1382 627 1442 quo
649 1364 738 1440 plane
760 1368 912 1441 appareat,
935 1383 1025 1441 quam
1047 1364 1093 1424 illi
1115 1384 1176 1425 non

134 1471 221 1530 alieni
244 1471 356 1530 fuerint
378 1490 395 1530 a
416 1471 532 1546 poetica
553 1469 709 1544 facultate,
732 1451 874 1547 atquem
898 1469 963 1528 sine
982 1471 1086 1530 fraude
1107 1472 1179 1532 talis

136 1575 322 1651 interpolatio
353 1576 429 1635 facta
463 1575 509 1636 sit.
555 1575 643 1634 Prius
676 1575 798 1652 quidem
829 1573 920 1634 etiam
950 1574 1032 1634 nullo
1058 1581 1177 1636 auctore

75 1725 78 1746 .
135 1679 385 1740 verisimillimum
407 1685 501 1755 esset,
534 1679 594 1739 nisi
622 1680 695 1739 adeo
717 1679 827 1755 frigida
844 1685 933 1757 putes
952 1681 1072 1741 illorum
1094 1682 1178 1759 inge-

19 1855 20 1876 }
135 1786 197 1862 nia,
228 1789 264 1844 ut
296 1803 354 1845 usu
386 1803 481 1862 paene
516 1785 686 1862 quotidiano
723 1786 902 1862 optimorum
931 1790 1086 1862 poetarum
1118 1807 1179 1847 non
1287 1777 1292 1790 ⁸

19 1887 20 1956 ?
134 1891 315 1951 incaluerint
333 1890 370 1949 ad
390 1890 505 1967 aliquid
520 1889 618 1950 simile
632 1889 818 1951 tentandum.
863 1890 993 1967 Verum,
1016 1892 1074 1951 etsi
1088 1893 1179 1954 huius

19 2051 20 2070 2
135 1997 200 2056 aevi
223 2001 286 2054 tam
313 1995 454 2056 lacunosa
481 1996 605 2055 historia
627 1999 686 2070 est,
718 1995 865 2055 Pindarus
888 2001 989 2056 tamen
1011 2001 1041 2056 et
1062 1997 1178 2058 Plutar-

134 2102 208 2161 chus
221 2095 265 2179 78)
299 2096 380 2183 saltis
402 2101 481 2160 clare
511 2100 645 2175 tradunt,
677 2101 854 2178 compositos
882 2121 899 2160 a
929 2102 1086 2178 rhapsodis
1108 2114 1238 2168 0000101
1295 2133 1297 2140 ·

134 2207 287 2282 Hymnus,
310 2206 418 2282 quibus
434 2206 560 2265 sollenni
580 2205 746 2264 recitationi
762 2205 988 2266 Homericorum
1001 2211 1033 2266 et
1055 2207 1180 2268 aliorum

224 2403 269 2468 77)
290 2399 377 2455 Schol.
398 2399 476 2454 Pind.
495 2399 512 2453 l.
532 2417 554 2454 c.
574 2401 601 2453 01
619 2415 654 2453 cx
673 2416 703 2453 eo
721 2400 845 2454 Huslath.
865 2401 898 2454 ad
916 2400 949 2454 ll.
968 2418 993 2469 p.
1013 2401 1038 2455 6.
1057 2401 1106 2456 inf.

19 2539 21 2546 χ
224 2487 269 2553 78)
286 2488 327 2541 110
344 2487 450 2542 Musica
461 2505 485 2556 p.
502 2487 577 2540 1133.
592 2487 621 2542 O.
641 2487 689 2556 [6.]
704 2486 818 2558 loquens
837 2488 870 2540 de
886 2488 973 2541 modis
989 2488 1180 2544 citharoedicis

19 2579 20 2584 ’
133 2579 163 2629 01
180 2573 324 2644 rhapsodis
341 2575 554 2643 antiquioribus:
579 2575 626 2627 Τὰ
645 2577 730 2645 πρὸς
745 2575 823 2634 τοὺς
841 2575 953 2638 θεοὺς,
979 2577 1020 2636 ὡς
1036 2578 1181 2644 βούλον-

19 2703 20 2706 ,
132 2682 209 2729 ται,
229 2663 538 2732 ἀφοσιωσάμενοι,
564 2663 703 2730 ἐξέβαινον
721 2663 803 2721 εὐθὺς
821 2663 872 2715 ἐπί
888 2680 917 2715 τε
933 2662 982 2728 τὴν
997 2658 1119 2734 Ὁμήρου
1136 2667 1182 2718 καὶ
1245 2645 1251 2658 ⁸

19 2737 20 2808 1
131 2751 189 2803 τῶν
218 2751 308 2802 ἄλλων
334 2752 465 2815 ποίησιν·
494 2749 579 2815 δῆλον
606 2749 636 2801 δὲ
660 2748 734 2801 τοῦτ’
754 2748 813 2800 ἔστι
844 2747 893 2800 διὰ
919 2750 973 2803 τῶν
1001 2750 1183 2822 Τερπάνδρου

132 2840 305 2908 προοιμίων.
341 2836 385 2890 Hx
406 2837 457 2892 hoc
482 2853 535 2891 uno
562 2837 620 2891 loco
647 2837 794 2905 discimus,
818 2852 872 2890 non
890 2835 919 2889 111
935 2837 1030 2891 Iovem
1049 2837 1137 2892 solum
1156 2842 1183 2892 et
1237 2903 1239 2910 Ι

19 2913 20 2928 ³
130 2923 242 2992 Musas,
271 2924 319 2978 sed
346 2924 376 2976 in
402 2926 505 2978 ceteros
534 2939 640 2994 quoque
667 2925 730 2978 deos
756 2923 917 2992 prooemiari
949 2925 1060 2979 solitum
1089 2927 1182 2982 fuisse.

19 3043 21 3060 ,
130 3011 232 3081 Neque
251 3012 343 3064 tamen
361 3027 394 3064 ex
411 3011 528 3065 Pindaro
545 3013 619 3065 10010
638 3011 762 3080 colligas,
782 3026 888 3080 semper
908 3026 926 3061 a
937 3009 1004 3064 Jooe
1013 3011 1183 3080 priactpiam

131 3100 248 3154 factum.
295 3098 464 3167 Comparatio
493 3099 581 3168 illius,
610 3098 651 3152 uti
681 3098 811 3168 Lyrioum
838 3099 963 3166 decebat,
993 3100 1075 3154 ducta
1101 3104 1143 3154 est
1168 3117 1185 3156 a

19 3229 21 3260 ,
132 3204 235 3257 genere
260 3187 378 3240 maxime
400 3187 514 3255 illustri,
537 3187 724 3240 1011111010
750 3185 986 3241 celeberrimorum
1008 3188 1139 3242 festorum
1157 3191 1185 3242 et

19 3263 21 3272 ’
133 3275 327 3344 πανηγύρεων.
365 3273 490 3328 Ceterum
508 3277 539 3328 ut
560 3274 695 3328 Pindarus
719 3273 786 3328 dicit
811 3278 1006 3344 προοίμιον
1023 3276 1118 3339 Διός,
1145 3276 1185 3330 sic

19 3355 21 3394 ³
131 3361 312 3432 Thucydides
327 3361 383 3424 HI,
403 3361 462 3416 104.
481 3364 585 3431 partem
606 3361 716 3416 maioris
733 3360 837 3430 Hymni
856 3361 885 3414 111
898 3361 985 3430 Apoll.
1004 3363 1054 3416 sub
1073 3362 1185 3418 Homeri

131 3451 247 3504 nomine
265 3449 392 3518 laudans,
420 3452 499 3504 vocat
523 3453 715 3519 προοίμιον
736 3445 918 3509 undisonas:
948 3465 999 3519 quo
1025 3451 1133 3504 nomine
1159 3456 1186 3505 01

132 3537 185 3590 alii
204 3537 330 3606 plerique
347 3538 462 3590 utuntur
480 3537 513 3590 de
530 3536 657 3606 Hymnis,
694 3535 799 3605 Quippe
816 3535 979 3590 vocabulum
1000 3537 1085 3604 ὕμνος
1102 3538 1184 3593 latius
1250 3591 1252 3596 ,

19 3685 20 3690 .
131 3627 227 3693 patet,
255 3626 283 3678 01
311 3641 391 3693 saepe
418 3641 496 3679 omne
524 3641 609 3694 genus
633 3625 709 3677 ἐπῶν
731 3623 926 3692 complectitur.
963 3624 1042 3678 Unde
1064 3625 1134 3679 illud
1156 3627 1185 3680 in

19 3709 20 3712 ’
132 3710 191 3764 fine
209 3712 296 3765 trium
312 3711 497 3781 Hymnorum,
517 3711 692 3766 manifestum
708 3709 790 3766 istius
808 3711 891 3765 moris
909 3710 1072 3780 vestigium:

264 3800 320 3852 Σεῦ
339 3798 364 3852 δ’
384 3798 438 3868 ἐγὼ
456 3800 608 3882 ἀρξαμενος
624 3799 817 3869 μεταβήσομαι
837 3800 919 3852 1111ον
937 3799 964 3858 ἒς
982 3799 1076 3869 ὕμνον.

184 3901 290 3944 Wolfii
308 3901 472 3955 Prolagoruona.
500 3901 576 3944 Editio
589 3901 629 3944 ΠΙ.
992 3893 1010 3950 6
