3048 4588
333 363 368 417 28
772 364 935 416 Prolegomena.

332 547 425 608 tineis
447 552 511 608 tuto
533 548 652 608 condita
672 548 705 606 in
727 549 862 626 scriniis,
884 548 957 626 quid
979 549 1089 622 obstat,
1112 565 1166 623 ne,
1199 547 1225 608 si
1247 548 1378 625 diligens

333 658 364 713 et
385 671 446 712 non
467 654 558 714 nimis
574 655 718 731 frequens
740 653 902 729 descriptio
929 653 1119 728 adhibeatur,
1147 653 1239 712 etiam
1258 654 1379 714 amissis

332 758 525 834 autographis
544 758 737 834 longissimas
766 763 881 818 aetates
910 757 1020 817 durent
1050 758 1115 817 sine
1145 758 1256 818 maiore
1279 761 1378 818 noxa?

332 861 407 921 llius
428 880 499 922 vero
521 863 643 938 generis
665 862 853 937 mendorum,
876 862 956 941 quod
978 881 1018 922 ex
1031 863 1134 922 crebra
1152 868 1185 922 et
1206 862 1379 938 indiligenti

333 966 533 1044 descriptione
557 968 697 1028 subnasci
720 967 812 1042 solet,
834 966 1002 1027 remedium
1017 972 1154 1044 paratum
1168 967 1262 1026 estin
1277 967 1380 1027 critica

333 1076 413 1146 arte,
445 1072 562 1133 codices
596 1073 782 1134 diversarum
813 1090 957 1131 manuum
992 1071 1073 1132 inter
1110 1089 1143 1131 se
1180 1077 1379 1150 comparante.

334 1177 394 1237 Sed
415 1178 509 1237 bonae
532 1178 604 1238 huic
635 1179 772 1238 fortunae
804 1177 984 1255 scriptorum
1013 1177 1223 1254 plerorumque
1245 1176 1379 1236 omnium

333 1301 410 1342 anne
432 1283 580 1343 confidere
603 1283 707 1344 licebit
728 1281 762 1342 in
784 1283 974 1343 Homericis?

420 1387 537 1447 Licebit
558 1387 639 1447 haud
661 1387 767 1463 dubie,
788 1387 848 1448 nisi
869 1388 944 1448 haee
964 1387 1098 1464 proprias
1113 1386 1255 1464 quasdam
1274 1386 1380 1464 depra-

333 1492 468 1552 vationes
490 1491 643 1570 multoque
665 1493 769 1570 plures
791 1498 822 1552 et
842 1493 993 1569 graviores
1007 1491 1233 1552 vicissitudines
1256 1497 1380 1570 experta

334 1601 414 1656 sunt.
459 1596 575 1656 Verum
608 1597 635 1656 si
665 1598 716 1657 vel
749 1617 790 1658 ex
817 1616 854 1657 ea
874 1615 924 1673 re,
957 1597 1036 1675 quod
1067 1597 1236 1658 emendatio
1258 1598 1380 1656 illorum

333 1702 535 1762 maturissime
557 1702 637 1779 apud
658 1701 787 1764 Graecos
809 1707 878 1761 nata
899 1707 947 1762 est
961 1707 993 1762 et
1007 1701 1169 1776 celebrata,
1191 1701 1379 1778 intelligitur,

333 1808 415 1884 ipsos
437 1807 497 1865 iam
519 1807 685 1884 antiquitus
711 1809 843 1868 caniisse
874 1808 947 1867 satis
977 1807 1119 1884 genuinis
1149 1807 1380 1884 exemplaribus,

334 1911 430 1985 unde,
463 1912 516 1988 qui
546 1912 676 1987 vedent,
710 1931 787 1972 nova
822 1913 1044 1989 exscriberent3
1079 1913 1106 1972 si
1136 1913 1249 1989 primae
1277 1911 1381 1971 statim

334 2017 540 2092 recensiones,
561 2017 635 2076 artis
654 2018 774 2078 criticae
787 2019 918 2077 nondum
940 2018 1037 2078 cultae
1056 2017 1280 2092 meditamenta,
1303 2017 1379 2076 mire

334 2122 413 2180 inter
435 2139 468 2182 se
489 2123 697 2200 discreparant
725 2122 864 2199 plurimis
887 2124 992 2197 rebus,
1022 2122 1234 2200 vulgatamque
1256 2122 1290 2180 in
1311 2139 1379 2182 eru-

334 2227 440 2287 ditiore
464 2227 590 2288 Graecia
606 2228 870 2288 conformationem
896 2233 999 2288 textus
1027 2228 1149 2288 demum
1177 2227 1380 2304 1111111111-

315 2403 321 2414 ,
333 2332 426 2392 telem
441 2332 555 2411 aliquot
569 2332 762 2394 Grammatioi
784 2332 1031 2409 introduxerunt3
1053 2350 1109 2392 nos
1122 2337 1224 2392 autem
1238 2350 1277 2391 ne
1295 2331 1380 2390 illius

334 2437 456 2516 quidem
476 2443 594 2513 textus,
617 2456 708 2516 quem
730 2438 782 2497 diu
805 2438 935 2498 maxime
958 2438 1121 2515 antiquitas
1143 2437 1291 2513 probavit,
1313 2437 1380 2496 Ari-

334 2543 462 2604 starchei
482 2543 653 2621 exemplum
675 2543 821 2614 habemus
842 2544 1007 2619 integrum,
1029 2543 1082 2602 sed
1103 2542 1249 2620 proximis
1268 2561 1287 2601 a
1311 2541 1379 2601 Cin.

333 2654 403 2708 nato
425 2648 572 2709 aetatibus
594 2648 693 2708 denuo
715 2648 904 2724 recognitum
927 2648 1016 2708 etad
1038 2648 1187 2708 variorum
1203 2647 1381 2708 criticorum

333 2753 445 2813 iudicia
473 2753 625 2828 refictum,
660 2758 811 2830 postremo
845 2753 931 2813 novis
964 2753 1090 2812 maculis
1122 2770 1177 2828 per
1209 2751 1382 2828 ingmentia

290 2864 324 2918 37
334 2857 457 2916 barbara
479 2857 598 2918 saecula
619 2858 811 2934 adspersum:
834 2875 934 2918 nonne
957 2875 996 2917 ex
1011 2857 1060 2916 hie
1074 2858 1164 2917 rebus
1178 2856 1382 2933 colligendum

335 2967 394 3038 eet,
417 2962 496 3040 quod
516 2964 576 3022 iam
591 2963 662 3022 olim
676 2963 861 3024 confidenter
882 2962 961 3038 dixi,
973 2957 1000 3044 6)
1021 2962 1116 3021 multo
1137 2961 1226 3020 aliam
1247 2961 1382 3022 Lucretii

335 3068 386 3128 vel
407 3067 530 3144 Virgilii
559 3072 649 3146 atque
671 3068 795 3128 Homeri
823 3085 889 3129 esse
918 3068 1142 3144 integritatem?
1186 3065 1231 3127 De
1261 3067 1381 3128 diversa

335 3178 436 3233 autem
455 3173 621 3251 priscarum
642 3173 763 3233 illarum
786 3178 817 3234 et
838 3173 1109 3234 Alexandrinarum
1131 3172 1297 3232 editionum
1312 3190 1381 3232 oon-

336 3279 448 3340 ditione
471 3279 603 3338 nuncid
632 3297 727 3339 unum
748 3284 871 3356 tangere
899 3279 1026 3353 sufficit,
1053 3277 1133 3355 quod
1161 3277 1242 3353 apud
1268 3277 1382 3356 Hippo-

336 3389 463 3458 cratem,
486 3383 655 3458 Platonem,
677 3384 870 3444 Aristotelem
893 3389 923 3444 et
937 3383 1010 3443 alios
1033 3382 1122 3443 istius
1136 3381 1242 3442 aetatis
1257 3383 1381 3458 scripto-

216 3524 222 3533 ·
336 3506 384 3548 res
406 3507 467 3548 non
489 3488 586 3548 solum
609 3469 798 3564 singulorum
825 3489 983 3549 verborum
1004 3486 1178 3561 varietates,
1210 3486 1263 3546 sed
1290 3487 1382 3547 etiam

336 3593 439 3670 plures
460 3593 597 3671 insignes
612 3610 718 3653 versus
738 3593 884 3670 legimus,
907 3610 1033 3671 qnorum
1048 3591 1153 3652 necin
1171 3594 1258 3652 textu
1272 3597 1381 3668 nostro,

424 3841 452 3910 6)
472 3841 516 3896 Ad
533 3841 647 3896 Hesiodi
665 3839 762 3911 Theog.
782 3858 808 3910 p.
827 3841 870 3896 57.
