2980 4576
553 343 716 396 Prolegcmcus.
1129 345 1180 398 199

134 524 241 598 rimus,
272 544 332 585 non
359 531 406 586 cst
437 519 583 606 dubium,
613 525 687 603 quin
717 529 798 586 recte
831 526 973 586 divinarit
1003 526 1239 605 Giphanius,257

134 628 272 704 mdyaiom
292 635 414 690 nmirum
435 632 612 690 reconsiomm
632 650 686 688 τινι
706 632 795 706 obeam
811 631 1031 694 Aristotelem.
1069 631 1179 692 Melius
1269 607 1275 616 ε

132 733 189 794 hoc
210 734 435 810 diiudicabitur,
460 735 567 795 saltem
589 735 687 796 iustae
704 735 873 796 mactatioui
892 735 983 796 huius
998 735 1180 814 quaestionis
1263 729 1267 740 ¹

20 914 24 927 Ι
132 839 308 915 proludetur
327 859 383 918 per
404 859 454 916 oa,
476 857 551 918 quas
573 858 655 901 nuuc
676 840 834 901 additurus
849 859 917 902 sum
933 841 971 902 dc
986 833 1180 922 ἀθετήσεσιν

19 938 24 989 3
131 948 221 1022 utque
243 945 345 1004 lituris
367 945 459 1004 illius.

20 1036 23 1045 ¹
218 1047 349 1108 Multum
367 1048 448 1109 euim
462 1048 569 1110 differt
590 1049 671 1108 iuter
692 1049 811 1108 obelum
826 1047 890 1108 sive
910 1040 1076 1130 ἀθέτησιν,
1101 1065 1177 1126 quae

131 1171 201 1226 vere
223 1153 346 1228 dicitur,
374 1159 405 1214 et
433 1155 512 1214 inter
533 1154 662 1213 lituram.
708 1153 915 1214 Aristarchum
936 1159 1038 1214 autem
1060 1154 1093 1212 in
1115 1171 1177 1212 oor·

130 1259 312 1319 sectionibus
332 1259 396 1319 suis
415 1277 476 1320 non
499 1260 609 1336 ubique
629 1259 688 1318 ista
702 1264 772 1319 notu
791 1277 895 1334 usum,
918 1259 971 1319 sed
985 1258 1072 1336 plura
1087 1257 1178 1318 etiam

131 1363 268 1424 funditus
290 1365 450 1424 sustulisse
472 1381 508 1424 ao
529 1364 691 1439 delevisse,
721 1370 787 1425 tum
809 1382 873 1424 mos
897 1364 1029 1441 priorum
1051 1363 1179 1424 Techni-

19 1448 23 1494 ⁷
131 1459 232 1528 corum
257 1469 397 1529 credibile
420 1465 557 1549 facit42),
584 1473 649 1528 tum
669 1469 821 1529 Ammonii
843 1469 922 1529 clare
944 1469 1031 1529 docet
1053 1469 1179 1528 auctori-

19 1597 20 1634 }
130 1569 239 1655 tas43).
300 1573 365 1649 Quo
399 1574 573 1634 discrimine
607 1575 713 1634 fecerit
750 1579 923 1652 utrumque,
961 1574 1179 1651 incompertum

130 1679 282 1738 habemus.
327 1679 431 1738 Litura
454 1697 508 1738 seu
529 1678 605 1738 falce
635 1697 706 1738 eum
728 1697 817 1739 usum
839 1679 944 1739 credas
971 1679 1004 1737 in
1025 1678 1064 1738 iis
1086 1677 1179 1738 versi-

19 1787 20 1808 ³
131 1784 198 1859 bus,
231 1802 305 1862 quos
338 1784 388 1844 vel
421 1784 513 1844 nitriis
546 1785 717 1844 luxuriosos
748 1784 907 1859 iudicaret,
940 1782 991 1864 vel
1021 1783 1117 1842 modis
1148 1787 1179 1844 et

19 1931 20 1946 ι
129 1889 264 1948 numeris
285 1889 453 1949 Homericis
480 1891 619 1964 absonos,
648 1889 698 1950 vel
726 1889 890 1948 contrarios
919 1888 1088 1950 sentcntiae
1118 1907 1178 1948 ser-

20 2013 21 2036 *
127 1994 264 2053 monisve
285 1993 391 2054 Gracci
413 1987 554 2072 legibus,
585 1999 638 2052 aut
658 2011 731 2071 quos
754 1994 786 2052 in
811 1994 933 2070 optimis
957 1993 1178 2070 exemplaribus
1187 2001 1240 2056 258

20 2141 21 2148 ι
129 2116 189 2159 non
210 2093 439 2182 reperisset44);
470 2099 602 2176 virgula,
632 2098 767 2158 modesto
798 2099 898 2176 signo,
928 2098 961 2157 in
982 2097 1035 2173 iis,
1066 2098 1118 2175 qui
1148 2097 1177 2156 ei

217 2313 262 2381 42)
282 2313 354 2368 Vide
372 2328 455 2382 supra
472 2330 498 2381 p.
518 2311 577 2366 201.
597 2314 624 2366 et
644 2311 703 2366 223.

217 2401 262 2468 43)
284 2399 373 2455 Schol.
393 2401 427 2456 ad
452 2419 476 2454 ιι.
492 2399 650 2454 397-399.
682 2394 837 2469 Ἀμμώνιος
855 2393 1085 2468 ὁἍριστιίρχειος
1104 2405 1177 2468 πρῶ-

129 2507 179 2542 τον
197 2488 250 2557 μὲν
269 2492 435 2558 στιγμαῖς
456 2487 485 2554 (i.
505 2503 528 2540 e.
548 2485 644 2553 obelis)
665 2488 737 2555 φησι
761 2486 809 2539 τὸν
822 2480 999 2555 Ἀρίσταρχον
1024 2499 1176 2555 παραση-

128 2575 352 2646 μειώσασθιιι
372 2575 481 2636 αὐτούς,
502 2572 561 2627 εἶτα
575 2573 684 2642 [δὲκαὶ]
703 2575 820 2626 τέλεον
838 2573 980 2636 ἐξελεῖν,
1001 2573 1072 2641 τάχα
1086 2572 1177 2624 διὰτὸ

130 2664 177 2716 ἰπὶ
198 2663 326 2732 δευτέρου
345 2662 496 2731 προςώττου
513 2661 545 2713 τὸ
564 2665 667 2730 σφίσι
687 2661 832 2730 τετάχθαι,
850 2663 897 2712 καὶ
910 2661 1018 2713 ἄνωθεν
1034 2663 1177 2730 μετενηνέ-

19 2737 20 2759 ³
126 2757 210 2820 χθαι.
228 2749 272 2803 lix
284 2749 370 2804 simili
381 2749 455 2804 fonto
469 2749 624 2804 derivatum
635 2748 746 2803 videtur
759 2748 801 2818 id,
820 2749 892 2818 quod
905 2749 939 2804 ad
958 2766 978 2801 ε.
992 2747 1052 2802 808.
1065 2747 1176 2818 legitur:

18 2887 19 2892 ,
131 2839 168 2890 οὐ
180 2838 332 2890 καθόλου
349 2837 470 2906 εὑρέθη
487 2835 564 2906 παρὰ
574 2830 742 2905 Ἀριστάρχῳ
753 2836 785 2888 τὸ
799 2831 890 2902 ‘Putet
895 2840 986 2896 ίωςκ.
1001 2854 1022 2889 τ.
1038 2837 1061 2889 λ.
1091 2834 1176 2902 Quem

129 2942 253 2994 versum,
279 2924 451 2993 ineptissimo
470 2923 529 2979 loco
546 2923 693 2992 repetitum
711 2940 746 2976 cx
765 2923 789 2976 d.
809 2922 883 2992 390„
909 2924 1012 2978 ibidem
1037 2923 1176 2993 discimus

17 3007 21 3092 J
129 3013 283 3082 appositum
300 3029 360 3068 esse
377 3012 555 3080 achodot03
574 3028 608 3067 an
630 3012 663 3067 ab
682 3010 733 3066 hoc
752 3027 806 3064 uuo
825 3012 852 3064 ct
871 3011 972 3081 primo,
992 3029 1046 3067 non
1065 3013 1176 3088 constat.

16 3095 18 3132 ἕ
92 3093 96 3102 ’
128 3102 171 3155 Ad
187 3101 261 3155 idem
275 3117 360 3170 genus
377 3100 475 3156 librae
494 3101 598 3169 spectat
615 3100 729 3154 fortasse
741 3098 856 3152 verbum
869 3099 1040 3170 ἐγκρίνειν
1058 3099 1087 3152 in
1099 3116 1177 3167 prae·

129 3189 202 3244 clara
219 3189 283 3242 nota
294 3187 443 3242 Aristonici
461 3189 496 3243 ad
514 3194 542 3242 θ.
556 3187 616 3242 535.
644 3181 817 3256 Ἐγκρίνει
835 3185 867 3240 δὲ
884 3189 990 3256 μᾶλλον
1010 3182 1176 3258 ὁἈρίσταρ·

125 3295 178 3344 χος
195 3276 259 3336 τοὺς
277 3276 427 3345 δευτέρους.
449 3275 515 3342 (vss.
535 3275 711 3341 535-537.).

216 3362 261 3432 44)
286 3362 383 3416 lsidcr.
404 3361 495 3434 Origg.
514 3362 600 3431 1‚20.
641 3360 737 3415 Obclos
760 3359 910 3428 oppoottwr
927 3359 1015 3414 uerbis
1039 3364 1091 3414 aut
1115 3376 1177 3414 seo-

16 3443 18 3530 J
129 3445 221 3503 tentiis
241 3449 426 3517 superflue
444 3449 594 3504 iteratis,
631 3448 693 3503 Huc
711 3448 847 3517 pertinent
865 3446 1011 3502 recidendo
1029 3445 1176 3502 ambitiosa

16 3543 18 3566 f
129 3541 291 3590 ornamento
309 3553 350 3606 ap.
369 3536 434 3592 Hor.
454 3538 497 3606 [l.
516 3537 547 3590 P.
564 3535 638 3604 lli]
670 3536 707 3589 lt
725 3537 833 3606 gravior
850 3536 927 3591 locus
945 3535 987 3590 cst
1000 3535 1123 3606 Apollon.
1143 3538 1176 3591 ds

16 3663 18 3686 ‚
130 3623 205 3692 Synt.
224 3623 247 3692 L
268 3623 312 3693 [2.]
333 3625 375 3677 11.
395 3626 429 3694 [p.
448 3626 464 3679 5
482 3624 591 3694 Bessi,
612 3624 660 3678 ubi
678 3626 821 3694 postquam
838 3623 944 3679 monuit
962 3624 994 3677 ds
1013 3624 1175 3678 abundanti·

16 3691 17 3720 ³
129 3711 179 3766 bus
203 3711 317 3780 litteris,
349 3711 463 3781 syllabis
492 3715 519 3767 ct
551 3711 715 3766 dictionibus
749 3712 888 3779 (λέξεσιν),
923 3710 1010 3779 addit,
1039 3711 1176 3765 interdum

16 3811 18 3868 ς
131 3798 210 3854 otiam
228 3798 258 3851 in
273 3800 332 3854 tota
344 3799 464 3854 oratione
478 3815 537 3854 csse
553 3799 657 3868 aliquid
673 3815 917 3868 supervacaneum,
936 3803 1010 3852 ΚΑΙ
1018 3802 1122 3854 ΛΟΓΟ
1128 3804 1178 3852 ΥΣ
