3048 4588
327 358 344 411 2
767 363 932 418 Prolegomena.

325 543 518 602 manifestum
540 545 648 604 vitium
670 547 820 624 obiicitur3
844 547 904 606 iarn
925 548 963 606 ad
981 549 1079 608 varias
1100 548 1244 609 lectiones
1259 554 1311 608 aut
1332 550 1371 608 ad

326 656 414 710 vetus
436 653 590 726 exemplar
612 652 801 728 confugiunt,
831 653 921 712 surda
947 652 1125 733 plerumque
1147 655 1280 730 oracula,
1310 655 1371 714 nisi

327 760 498 816 constanter
520 757 752 817 consulentibus.
796 757 902 834 Neque
930 760 1060 819 multum
1088 760 1207 819 diversa
1228 759 1303 818 ratio
1325 764 1371 818 est

328 879 446 936 eorum,
470 862 535 938 qni,
556 863 747 939 quantumvis
761 862 912 922 interdum
927 863 1007 923 docti
1023 883 1057 924 ao
1073 865 1227 938 sollertes,
1251 883 1371 924 omnem

328 967 566 1026 emendationem
599 985 640 1026 ex
672 967 785 1045 aliquot
810 968 954 1028 librorum
984 969 1068 1030 MSS.
1102 970 1162 1030 fide
1194 987 1371 1046 suspensam

329 1089 396 1131 esse
418 1073 539 1146 volunt,
562 1077 613 1131 aut
636 1072 688 1150 qui
709 1077 806 1148 texta,
830 1092 906 1150 quae
927 1079 1086 1150 vocantur,
1108 1075 1197 1151 plane
1220 1075 1313 1134 edunt
1333 1076 1372 1134 ad

328 1177 419 1236 unius
442 1177 628 1254 exemplnm;
650 1177 734 1236 velut
755 1177 808 1237 isti
830 1179 953 1238 tandem
975 1180 1046 1238 libri
1062 1180 1100 1238 ad
1122 1180 1274 1256 scriptoris
1294 1181 1371 1239 salu-

328 1285 390 1340 tem
412 1281 482 1341 fatis
504 1281 645 1341 destinati
669 1286 776 1342 essent.

415 1388 462 1446 Ab
484 1387 540 1446 hoc
569 1385 680 1447 leviore
712 1393 743 1447 et
772 1389 857 1465 quasi
885 1387 1047 1448 desultoria
1077 1407 1187 1466 genere
1208 1387 1371 1464 plurimum

329 1492 479 1569 discrepat
500 1493 592 1565 iusta,
615 1497 761 1570 perpetua
782 1498 812 1552 et
833 1493 924 1552 certis
946 1494 1019 1552 artis
1042 1494 1160 1569 legibus
1175 1495 1247 1552 nixa
1269 1512 1371 1554 recen-

329 1598 381 1656 sio.
426 1597 464 1656 In
485 1597 537 1655 illo
561 1597 638 1656 nihil
659 1615 751 1674 prope
773 1598 868 1673 aliud,
897 1617 985 1674 quam
1013 1599 1127 1675 passim
1150 1589 1301 1658 exstantia
1320 1599 1371 1657 ali-

329 1721 424 1779 quove
441 1702 518 1762 libro
540 1703 657 1778 prodita
678 1703 803 1762 vulnera
832 1721 935 1762 sanare
958 1704 1111 1780 volumus3
1140 1704 1371 1763 transmittimus

271 1829 273 1833 ·
328 1807 427 1885 plina,
449 1807 487 1865 ad
511 1823 633 1866 sensum
655 1806 776 1884 quidem
798 1809 875 1866 bona
897 1811 928 1866 et
949 1808 1126 1882 tolerabilia,
1147 1809 1200 1867 sed
1219 1808 1258 1866 ad
1273 1813 1372 1868 aueto-

328 1913 448 1972 ritatem
478 1911 573 1971 nihilo
607 1912 729 1972 meliora
767 1912 918 1990 pessimis.
974 1913 1059 1972 Iusta
1091 1917 1191 1972 autem
1227 1914 1371 1988 recensi0,

328 2019 472 2076 bonorum
494 2017 1227 2094 110111011011110111111110110100100οἰ10,
1260 2018 1371 2095 ubique
1493 1997 1516 2068 ·'

328 2141 431 2182 veram
452 2142 573 2182 manum
591 2123 744 2200 scriptoris
766 2122 904 2200 rimatur;
932 2122 1095 2199 scripturae
1123 2123 1284 2199 cuiusque,
1310 2141 1371 2182 non

328 2228 416 2287 modo
446 2233 615 2304 suspectae,
644 2232 738 2288 testes
765 2228 868 2286 ordine
897 2229 1073 2304 interrogat,
1103 2232 1135 2287 et
1156 2245 1245 2305 qnam
1267 2244 1371 2287 omnes

327 2338 477 2407 annuunt,
508 2351 569 2392 101
601 2333 661 2392 nisi
682 2333 868 2409 gravissimis
896 2333 933 2392 de
955 2333 1054 2392 causis
1075 2333 1141 2392 loco
1163 2336 1274 2410 movet5
1305 2332 1371 2406 alia,

301 2449 381 2514 sper
395 2455 428 2497 se
445 2437 588 2514 scriptore
608 2438 797 2514 dignissima,
820 2442 850 2497 et
871 2437 909 2496 ad
929 2438 1086 2497 veritatem
1107 2455 1163 2497 seu
1182 2430 1372 2518 elelgantiam

328 2543 495 2602 sententiae
525 2525 651 2619 optima,
685 2561 745 2602 non
767 2542 828 2601 nisi
858 2543 1068 2618 suffragatione
1097 2542 1222 2602 testium
1249 2541 1370 2618 recipit;

326 2647 407 2706 haud
427 2665 493 2707 raro
515 2648 603 2722 adeo,
626 2647 801 2724 cogentibus
823 2647 897 2721 illis,
923 2665 977 2723 pro
999 2647 1137 2707 venustis
1159 2647 1252 2706 iniert
1269 2647 1371 2706 minus

326 2757 465 2828 venusta3
489 2753 659 2830 emplastris
682 2753 788 2813 solutis
809 2753 909 2812 ulcera
929 2752 1035 2830 nudat;
1059 2752 1188 2830 denique
1210 2770 1271 2811 non
1287 2769 1372 2810 mon-

328 2862 420 2917 strata
442 2856 554 2932 solum,
588 2862 622 2916 ut
643 2858 715 2916 maii
735 2857 860 2932 medici,
894 2858 947 2918 sed
976 2862 1007 2918 et
1034 2857 1159 2917 latentia
1185 2857 1259 2916 vitia
1281 2861 1372 2917 ornat.

327 2963 392 3022 Hac
413 2962 447 3021 in
466 2963 580 3022 ratione
610 2964 731 3024 tametsi
758 2963 880 3040 ingenio
905 2967 937 3022 et
965 2963 1022 3022 arti
1041 2962 1228 3023 coniectandi
1249 2962 1373 3021 minime

327 3067 411 3127 locus
433 3068 532 3144 deest,
559 3071 661 3127 tamen
688 3068 828 3145 quoniam
850 3067 947 3127 omnis
969 3068 1082 3128 veteris
1111 3068 1275 3143 scripturae
1297 3067 1374 3126 fides

327 3174 364 3231 ab
394 3173 575 3250 incorruptis
602 3173 804 3233 monumentis
834 3173 959 3250 pendet,
991 3177 1060 3232 ante
1089 3173 1189 3232 omnia
1210 3177 1258 3232 est
1276 3171 1374 3231 elabo-

327 3278 469 3353 randum,
490 3279 523 3337 id
544 3278 624 3356 quod
645 3279 711 3338 fieri
730 3282 811 3338 certe
827 3278 932 3355 nequit
948 3279 1014 3338 sine
1029 3277 1166 3354 ingenio,
1188 3277 1374 3350 utiendum,

327 3382 408 3442 unde
429 3384 575 3460 cuiusque
604 3382 758 3458 scriptoris
787 3387 892 3442 textus
921 3381 1091 3456 hauriatur,
1120 3381 1316 3458 proprietates
1332 3373 1376 3440 'et

329 3487 512 3564 singularem
541 3493 678 3548 naturam
708 3492 891 3566 scrutemur;
919 3488 1017 3546 varios
1044 3491 1154 3562 testes,
1183 3505 1238 3562 per
1262 3487 1375 3546 classes

327 3597 359 3653 et
378 3593 508 3653 familias
531 3593 704 3670 dispositos,
739 3611 778 3652 ex
813 3611 867 3652 sua
900 3609 1049 3670 quemque
1078 3591 1179 3651 indole
1207 3592 1375 3666 metiamur,

327 3703 418 3776 atque
450 3699 613 3758 calliditate
645 3697 788 3775 quadam,
820 3715 877 3756 nec
910 3697 963 3756 illa
989 3701 1091 3756 tamen
1113 3697 1238 3774 cupida,
1272 3714 1376 3755 eorum

328 3808 469 3882 tanquam
499 3823 589 3864 voces
622 3809 654 3863 et
686 3808 778 3863 nutus
808 3803 947 3880 excipere
979 3803 1137 3863 discamus.
1189 3801 1310 3862 Etenim
1343 3802 1376 3860 in
