2980 4576
291 345 325 400 96
727 344 891 397 Prolegomena.
982 335 987 340 ’

232 529 370 585 12611111.
414 525 514 585 Pauca
547 530 635 599 sunt,
669 544 744 603 quae
776 526 813 586 de
838 518 840 604 )
865 525 927 584 illis
949 529 1089 585 constent
1102 521 1161 604 9²),
1195 525 1253 584 etsi
1286 543 1338 584 eos

291 649 430 706 magnam
452 635 567 707 partem
595 631 695 691 adhuc
721 629 849 690 Nonnus
875 648 944 689 cum
974 629 1042 689 aliis
1065 629 1253 706 antiquitatis
1276 633 1338 688 stu-

292 735 384 794 diosis
406 737 543 811 gnaviter
564 736 709 796 tractavit.
754 736 791 794 In
812 735 875 794 illis
896 736 1015 812 paucis,
1040 753 1116 812 quae
1131 735 1260 810 scimus,
1282 735 1339 794 hoc

292 845 339 899 est
360 841 490 900 maxime
514 841 719 914 memorabile,
742 839 822 916 quod
837 839 952 914 Cyclici
966 857 1069 899 omnes
1089 840 1163 899 haec
1177 840 1338 899 Homerica

292 945 417 1004 artificia
439 946 490 1006 vel
522 965 582 1005 non
617 946 905 1019 animadverteram,
939 945 988 1004 vel
1017 946 1054 1004 ab
1081 944 1258 1022 aequalibus
1277 945 1340 1003 ani-

291 1051 447 1110 madversa
468 1051 580 1110 imitari
600 1056 653 1110 aut
673 1051 836 1110 noluerunt
852 1055 903 1109 aut
925 1068 985 1108 non
1005 1055 1173 1126 potuertmt.
1218 1049 1339 1108 Etenim

291 1158 373 1233 legat
405 1156 491 1216 nobis
525 1156 634 1234 aliquis
661 1157 804 1232 epitomas
846 1155 914 1214 illas
947 1153 1125 1232 Cypriorum
1154 1159 1185 1213 et
1212 1155 1339 1214 aliorum

293 1261 425 1340 quinque
449 1261 622 1321 Oarminnm
650 1278 748 1337 nuper
777 1254 944 1340 61116693),
975 1264 1005 1318 61
1028 1260 1214 1336 experiatur,
1246 1279 1285 1319 an
1306 1260 1342 1318 in

292 1369 355 1426 ullo
387 1385 490 1426 eorum
525 1367 700 1444 primarium
731 1365 866 1439 heroem,
900 1368 952 1424 aut
983 1366 1156 1440 primariam
1183 1365 1341 1440 aetianam,

292 1477 345 1531 aut
365 1471 525 1548 repetitam
548 1490 587 1530 ex
601 1471 709 1530 mediis
731 1471 822 1529 rebus
845 1469 1059 1545 narrationem,
1082 1470 1179 1547 qualis
1194 1471 1227 1528 in
1243 1468 1340 1546 Odys-

293 1595 345 1637 sea
378 1581 424 1637 est
437 1571 493 1655 94),
527 1576 663 1653 reperiat.
717 1576 866 1635 Percense
900 1576 974 1634 item
1007 1575 1122 1652 reliqua
1154 1574 1237 1634 illius
1273 1575 1341 1633 aevi

263 1731 267 1742 ,
294 1685 379 1760 epica
402 1682 541 1742 Carmina
562 1683 626 1742 sive
643 1681 815 1741 Carminum
835 1685 1025 1756 argumenta,
1050 1679 1249 1756 Genealogias
1269 1681 1339 1740 deo·

293 1807 361 1848 rum
390 1792 421 1848 et
450 1788 589 1862 heroum,
623 1787 818 1862 Dionysiaca,
851 1786 1040 1861 Thebaides,
1059 1785 1224 1861 Epigonos,
1259 1785 1341 1844 Nau-

293 1894 423 1971 pactica,
456 1893 528 1970 alia;
561 1911 656 1950 unum
689 1892 812 1969 quidem
845 1892 966 1950 heroem
999 1890 1031 1948 in
1054 1889 1221 1965 nonnullis,
1257 1891 1341 1966 (nam

294 1999 417 2058 fuerunt
444 1998 532 2075 plura
564 1990 746 2076 perbrevia,)
779 1997 813 2055 in
846 1996 929 2054 nullo
959 2013 1051 2054 unam
1087 1996 1137 2054 vel
1169 1995 1341 2070 primariam

295 2104 455 2176 actionem,
484 2102 626 2178 episodiis
655 2101 692 2159 aii
723 2101 844 2160 modum
873 2101 983 2160 Iliados
1006 2101 1213 2174 intertextam,
1236 2101 1341 2176 ‹lepre-

293 2209 417 2268 hendes
462 2207 569 2284 Magno
599 2211 718 2266 auctore
740 2206 772 2265 id
794 2205 921 2278 affirmo,
950 2223 1011 2264 non
1033 2206 1204 2265 coniectura
1223 2206 1340 2265 ductus.

294 2313 341 2372 Ita
363 2313 445 2371 enim
463 2312 641 2372 Aristoteles
663 2311 775 2389 ubique
798 2311 950 2387 praedicat
977 2311 1014 2370 de
1036 2310 1179 2385 Homero,
1205 2311 1248 2368 ita
1271 2329 1341 2370 eum
1393 2320 1397 2324 “

295 2422 416 2494 propter
437 2418 526 2476 istam
549 2417 646 2493 ipsam
668 2434 733 2475 rem
754 2415 863 2475 ceteris
885 2416 918 2473 in
940 2415 1045 2474 eodem
1068 2433 1179 2491 genere
1202 2415 1340 2474 omnibus

236 2525 286 2578 127
296 2523 465 2599 anteponit,
483 2516 486 2602 )
509 2527 543 2581 ut
564 2521 667 2580 nullus
686 2538 789 2580 eorum
809 2520 865 2579 hac
887 2520 971 2578 inre
994 2519 1100 2578 ducem
1122 2525 1152 2578 et
1173 2520 1342 2596 principem

297 2647 385 2688 snum
406 2628 541 2687 imitatus
561 2645 628 2686 esse
652 2627 800 2700 videatur,
830 2642 869 2683 ne
892 2624 1038 2684 Pisander
1067 2625 1187 2702 quidem
1214 2629 1267 2684 ant
1286 2626 1342 2684 Pa-

295 2734 399 2808 nyasis
433 2738 484 2791 aut
517 2731 727 2806 Antimachus,
761 2731 814 2807 qui
845 2730 1011 2789 secundum
1042 2731 1205 2789 Homerum
1236 2731 1344 2806 optimi

296 2837 444 2897 numerati
473 2841 560 2912 sunt,
588 2836 701 2895 nedum
728 2835 910 2912 antiquiores
940 2839 972 2894 et
993 2833 1115 2910 Cyclici.
1161 2834 1207 2894 De
1233 2836 1343 2912 quibus

385 3015 429 3082 92)
450 3013 569 3068 Oollecta
585 3014 666 3081 haec,
685 3012 743 3081 vel,
769 3012 816 3066 ubi
839 3011 894 3065 viri
910 3011 983 3066 docti
1001 3011 1170 3080 collegerint,
1191 3011 1344 3066 indicatum

296 3106 326 3158 in
350 3103 454 3158 Fabric.
479 3101 511 3155 Β.
531 3101 608 3155 (1.1.
627 3101 663 3168 Ι.,
692 3101 770 3154 cuius
797 3115 884 3168 praec.
906 3099 960 3153 vid.
980 3117 1005 3167 p.
1025 3099 1084 3152 379.
1098 3115 1155 3168 sqq.
1173 3116 1235 3153 nov.
1255 3101 1296 3153 ed.
1317 3102 1345 3152 et

296 3191 399 3260 Heynii
417 3188 635 3258 copiosissimum
653 3188 718 3242 Exn.
738 3187 760 3240 Ι.
780 3187 815 3240 ad
832 3185 907 3255 Virg.
926 3187 992 3239 Aen.
1010 3185 1046 3240 H.

324 3302 325 3306 ¹
385 3277 429 3343 93)
450 3277 482 3330 In
506 3276 617 3330 ineditis
641 3274 718 3328 Fasc.
736 3274 757 3328 I.
784 3273 855 3327 Bibl.
874 3273 957 3342 antiq.
975 3273 1027 3326 litt
1048 3274 1076 3326 61
1102 3272 1201 3327 artium
1226 3276 1343 3331 novissi-

297 3383 357 3421 mae
377 3365 512 3434 Goetting.

385 3453 431 3519 94)
449 3451 521 3506 Nam
545 3451 574 3502 in
597 3450 683 3504 Iliade
706 3449 838 3504 naturalis
857 3451 899 3504 est
923 3449 987 3502 ordo
1009 3451 1268 3518 rerumgestarum,
1295 3467 1344 3504 nec

297 3540 407 3594 initium
425 3539 528 3608 primae
545 3537 706 3605 rhapsodiae
726 3537 852 3591 lectorem
873 3536 952 3590 ahter
966 3535 1042 3590 ducit
1059 3537 1089 3589 in
1101 3536 1222 3590 medium
1235 3554 1345 3592 cursum

298 3645 404 3696 rerum,
428 3629 508 3695 atque
524 3627 556 3678 ut
578 3625 609 3679 fit
631 3625 661 3678 in
680 3625 777 3678 ceteris
795 3623 949 3693 rhapsodiis
967 3623 1117 3692 plerisque:
1142 3641 1169 3677 v.
1188 3641 1210 3678 c.
1232 3625 1262 3677 in
1275 3621 1344 3695 Ἀρι-

300 3720 416 3778 στείαις,
443 3715 472 3767 in
497 3713 596 3782 quibus
624 3712 693 3765 illud
712 3729 818 3782 quoque
840 3710 958 3766 notabile
982 3715 1036 3781 est,
1063 3712 1135 3781 quod
1151 3713 1247 3766 heroes
1265 3712 1344 3782 plane

299 3804 339 3858 sic
356 3803 554 3870 producuntur,
575 3800 653 3869 quasi
671 3803 749 3856 antea
768 3817 822 3854 non
838 3799 1059 3866 comparuissent.
1078 3800 1141 3854 Vid.
1157 3799 1186 3852 in
1201 3817 1241 3868 pr.
1262 3805 1300 3855 A.
