2980 4576
537 338 699 389 Ptolegomena.

532 516 713 582 XXXIV.

184 636 296 710 Quodsi
315 657 354 696 ex
377 639 525 697 sententia
543 645 678 698 veterum
701 656 788 698 nemo
810 643 879 697 ante
894 637 1085 696 Pisistratum
1104 637 1142 695 de

100 741 151 800 hac
181 743 438 818 coagmentatione
468 761 591 819 operum
623 743 848 803 Homericorum
882 743 959 801 serio
992 741 1141 816 cogitavit,

9 902 10 920 ,
100 847 164 921 quis
187 846 302 920 credat,
332 864 410 920 eam,
441 849 577 931 quamvis
604 849 776 907 meditatam
805 851 874 905 ante
905 851 936 905 et
956 847 1141 918 instructam,

101 953 201 1010 statim
223 956 288 1010 tum
313 953 450 1011 omnibus
473 955 607 1030 partibus
629 954 793 1013 absolutam
815 952 976 1028 prodiisse,
998 954 1029 1009 et
1051 949 1143 1008 talem

9 1083 10 1120 1
100 1056 200 1130 plane,
224 1056 343 1132 qualem
366 1075 447 1116 nunc
468 1058 625 1117 videmus?
660 1056 784 1134 Oportet
804 1056 890 1115 illum
906 1057 979 1114 satis
993 1053 1142 1127 habuisse,

10 1146 12 1216 ἶ
100 1161 124 1218 11
151 1161 314 1237 pleraeque
345 1163 519 1237 rhapsodias
548 1169 617 1239 apto
640 1163 737 1221 ordini
765 1162 973 1234 redderentur,
1004 1159 1142 1234 sepositis

9 1280 10 1348 j
99 1265 146 1338 iis,
178 1283 257 1341 quae
284 1268 382 1325 tenori
409 1269 518 1326 summi
543 1269 712 1344 argumenti
739 1267 906 1341 officerent,
936 1265 1005 1325 licet
1030 1265 1143 1340 passim

9 1355 11 1416 ]
99 1369 212 1446 aliquid
234 1370 395 1430 dissideret
417 1376 447 1430 et
475 1373 582 1447 hiaret,
611 1373 659 1431 vel
686 1372 795 1432 lacinia
821 1372 956 1430 haereret
983 1388 1023 1429 ex
1050 1370 1143 1428 forma

98 1476 205 1550 priore.
250 1476 297 1534 Ad
319 1477 521 1552 quaerendum
543 1477 630 1535 illum
652 1483 784 1536 tenorem
807 1481 923 1552 praeter
944 1475 1017 1534 alias
1039 1491 1143 1534 causas

100 1580 255 1655 impellere
288 1582 386 1656 potuit
418 1583 484 1657 ipsa
517 1601 588 1640 cura
617 1583 774 1640 continuae
805 1581 988 1656 scriptionis,
1020 1580 1053 1638 in
1084 1597 1144 1656 qua

100 1683 232 1743 Carmini
257 1686 364 1762 cuique
396 1705 470 1745 suns
500 1687 584 1745 locus
607 1687 805 1762 assignandus
834 1692 911 1745 erat:
942 1704 1047 1745 verum
1076 1703 1142 1760 per-

9 1823 13 1835 ·
100 1791 194 1865 polire
222 1796 254 1848 et
284 1791 369 1867 quasi
397 1793 435 1850 ad
457 1810 590 1868 unguem
611 1792 797 1868 complanare
822 1789 825 1870 1
850 1793 961 1866 01111111,
990 1792 1143 1868 operosius
1153 1801 1202 1851 151

99 1895 257 1954 videbatur
276 1895 414 1970 fortasse,
438 1915 527 1973 quam
547 1897 677 1955 utillud
699 1896 795 1974 prima
817 1896 1002 1972 experientia
1023 1896 1143 1971 assequi

9 2011 10 2020 ³
98 1999 209 2060 liceret.
256 2000 316 2061 Sed
345 2020 399 2060 cur
421 2002 551 2061 maxime
577 2002 670 2060 nolim
691 2002 768 2060 hanc
789 2007 884 2060 artem
914 2002 967 2059 uni
988 2000 1143 2059 Pisistrato

9 2153 13 2178 ,
99 2107 244 2180 tribuere,
275 2106 333 2165 duo
356 2113 532 2182 argumenta
554 2107 587 2166 in
609 2112 748 2184 promptu
768 2107 873 2180 habeo,
903 2107 1009 2164 horum
1031 2110 1142 2182 tempo-

9 2282 14 2292 ,
99 2229 165 2268 rum
197 2210 331 2269 tenebris
363 2215 482 2269 assueto
516 2212 594 2269 clara
628 2211 701 2269 satis
731 2214 762 2269 et
791 2210 957 2269 manifesta
1010 2209 1144 2267 Primum

9 2297 11 2370 ζ
100 2315 229 2375 Graecos
258 2315 296 2374 ad
318 2321 445 2375 aetatem
466 2334 563 2392 usque
585 2316 821 2374 Ptolemaeorum
847 2315 996 2374 constanti
1017 2315 1144 2391 quadam

99 2420 312 2479 constitutione
346 2425 449 2480 textus
485 2421 630 2494 caruisse,
659 2421 790 2479 vidimus
816 2438 906 2495 supra
933 2420 971 2478 iis
1000 2420 1033 2478 in
1060 2420 1143 2494 locis,

100 2526 151 2601 qui
166 2545 184 2584 a
200 2525 325 2584 Platone
347 2531 378 2586 et
399 2527 558 2603 aequaevis
573 2526 733 2585 laudantur
754 2544 794 2584 ex
808 2526 950 2599 Homero,
972 2543 1028 2584 nec
1043 2529 1144 2584 tamen

9 2678 14 2693 .
99 2630 187 2689 hodie
218 2631 298 2707 apud
327 2649 396 2690 eum
424 2636 603 2707 comparent.
647 2631 752 2708 Itaque
774 2649 813 2690 ex
840 2632 897 2690 hoc
925 2635 1026 2705 textu,
1055 2649 1144 2708 quem

8 2779 12 2830 ,
100 2736 188 2794 hodie
214 2736 352 2795 manibus
374 2737 513 2811 terimus,
543 2754 631 2795 nemo
659 2736 831 2796 existimare
856 2740 968 2812 potest,
998 2737 1143 2812 quomodo

102 2830 233 2916 primum
266 2842 395 2917 scriptus
427 2842 532 2919 fuerit,
568 2843 672 2916 immo,
711 2842 738 2900 11
770 2846 838 2917 post
870 2842 1060 2902 Pisistratum
1092 2843 1144 2901 alii

101 2951 188 3023 atque
213 2946 264 3004 alii
279 2946 419 3022 rhapsodi
439 2947 477 3005 ad
496 2948 685 3007 scribendum
698 2946 921 3022 adhiberentur,
943 2965 1066 3007 necesse
1081 2953 1145 3007 erat

101 3051 225 3110 formam
246 3051 312 3111 eius
335 3053 460 3112 subinde
481 3053 588 3111 variari
611 3058 642 3112 et
658 3052 780 3127 mutari,
802 3052 977 3129 priusquam
991 3052 1024 3112 ‘m
1037 3035 1143 3112 manus

8 3149 9 3218 ἷ
51 3202 54 3210 ,
103 3155 243 3216 Zenodoti
276 3161 306 3215 et
339 3157 502 3216 Aristarchi
535 3158 659 3216 veniret.
714 3155 778 3229 Qua
809 3157 847 3215 de
874 3175 907 3216 re
941 3157 1145 3216 commentarii

102 3260 207 3320 horum
237 3261 317 3320 haud
347 3261 436 3320 dubie
465 3261 552 3337 plura
577 3261 688 3321 iudicia
718 3266 920 3334 servaverant,
952 3262 985 3319 in
1018 3279 1144 3337 quorum

7 3339 9 3378 ³
104 3365 214 3425 iactura
256 3384 337 3425 nunc
373 3385 406 3426 se
440 3367 573 3443 speciose
609 3371 711 3426 tuetur
740 3367 873 3443 vulgaris
906 3367 1013 3442 opinio.
1066 3364 1145 3438 Quid

7 3465 9 3512 '2
103 3489 169 3531 uero
195 3471 272 3530 illud
300 3474 365 3531 est?
409 3474 488 3532 Ante
516 3491 626 3531 mimus
648 3471 820 3532 Villoisonii
849 3489 928 3531 unus
956 3472 990 3529 111
1017 3471 1144 3531 Scholiis

7 3583 9 3660 ,
104 3578 281 3652 1111100111,
313 3577 365 3654 qui
387 3578 570 3637 mentionem
594 3577 707 3636 faceret
732 3571 968 3648 ὃιασκευάσειυς
989 3575 1144 3635 cuiusdam

105 3683 277 3760 antiquioris
301 3683 512 3742 Alexandrinis
534 3683 610 3741 illis:
632 3701 696 3741 rem
720 3701 819 3756 nemo,
850 3682 929 3758 quod
952 3681 1057 3756 sciam,
1086 3700 1144 3758 quo

105 3790 237 3863 referret,
268 3789 406 3847 habebat:
439 3789 500 3847 iam
530 3793 561 3846 et
589 3787 672 3846 illam
705 3792 736 3846 et
765 3805 874 3846 nomen
908 3781 1146 3844 ὄιασκευαστῶν

929 3893 972 3954 8*
