3048 4588
326 334 343 388 8
764 335 929 389 Pmlegomena.

325 519 429 598 paucis
451 520 552 580 verbis
574 519 766 580 delibandum
789 520 875 580 nobis
894 524 941 580 est
966 519 1087 598 insigne
1104 522 1244 581 meritum
1266 521 1372 581 Villoi-

327 625 420 700 sonii,
440 625 493 702 qui
513 624 628 702 primus
650 625 725 684 duos
746 625 851 685 Iliadis
874 625 991 686 codices
1009 625 1141 686 Venetos
1163 627 1197 684 in
1218 627 1374 703 publicum

326 730 451 808 protulit
470 749 540 790 cum
567 748 603 789 ea
626 729 813 790 Scholiorum
835 731 990 806 congerie,
1021 750 1097 809 quae
1125 731 1315 809 antiquarum
1343 738 1375 792 et

326 836 364 896 ad
386 836 493 894 horum
516 835 689 896 Carminum
710 836 770 895 fata
789 841 820 895 et
841 841 945 896 textus
967 837 1168 896 conditionem
1190 838 1373 915 perspicien-

326 941 395 1000 dam
424 941 545 1000 utilium
574 958 675 1001 rerum
700 942 815 1018 copiam
845 941 939 1000 multo
973 942 1131 1017 maiorem,
1164 961 1252 1021 quam
1280 943 1373 1004 ceteri

326 1045 360 1103 in
380 1062 475 1103 unum
496 1045 596 1105 collati
614 1045 685 1104 libri
706 1063 823 1120 omneS,
856 1045 1040 1124 suppeditat,
1063 1052 1152 1125 atque
1175 1048 1295 1106 omnino
1316 1047 1373 1106 cri-

326 1150 395 1210 ticis
418 1155 450 1210 et
470 1150 671 1227 grammaticis
693 1151 807 1210 divitiis
829 1169 890 1210 non
909 1151 996 1211 modo
1010 1150 1179 1227 Elrrstathio,
1203 1152 1257 1212 sed
1278 1152 1373 1211 omni-

285 1257 384 1316 12bus
407 1257 540 1315 omnium
560 1260 714 1333 poetarum
740 1252 742 1336 l
768 1255 943 1317 Scholiastis
965 1257 1054 1334 longe
1079 1257 1239 1317 antecellit.
1283 1257 1372 1333 Igno-

328 1360 438 1421 scenda
471 1361 511 1421 sit
543 1362 643 1420 forsan
676 1361 824 1437 cupiditas
861 1362 1005 1440 quaedam
1043 1363 1076 1421 in
1109 1362 1255 1422 laudando
1287 1362 1371 1437 libro,

328 1483 419 1544 quem
440 1466 529 1541 longa
549 1470 579 1525 et
601 1483 724 1543 operosa
746 1467 881 1525 tractatio
903 1467 990 1527 nobis
1012 1485 1114 1526 carum
1135 1467 1213 1526 fecit.
1258 1467 1373 1526 Verum

327 1573 370 1630 ita
392 1571 430 1631 de
451 1571 504 1630 illo
524 1588 674 1648 quemque
689 1571 861 1630 existimare
876 1576 963 1648 cogat
976 1572 1053 1632 levis
1069 1572 1247 1649 comparatio
1262 1590 1373 1641 eorum,

328 1694 404 1754 quae
426 1675 460 1734 in
481 1676 538 1736 hoc
560 1693 671 1752 genere
693 1680 778 1736 erant
803 1677 889 1753 prius
909 1676 1048 1753 vulgata:
1077 1695 1164 1738 secus
1189 1677 1242 1754 qui
1264 1676 1373 1737 sentie-

327 1783 411 1856 bant,
441 1781 491 1841 vel
515 1799 576 1842 non
597 1786 734 1842 recentes
757 1786 879 1841 eranta
902 1781 1134 1842 Scholiastarum
1155 1783 1300 1857 lectione,
1324 1783 1374 1842 vel

328 1885 449 1946 editoris
470 1885 567 1965 prima
588 1887 786 1962 promissione
808 1887 841 1946 in
864 1887 988 1946 nimiam
1012 1905 1098 1964 spem
1120 1887 1225 1962 erecti,
1247 1887 1374 1964 speratis

327 2010 398 2051 mox
430 1991 546 2050 minora
574 2009 607 2052 se
637 1991 789 2069 accepisse
823 2010 912 2068 aegre
943 1992 1085 2052 ferebant.
1131 1991 1280 2051 Videntur
1300 1991 1374 2051 adeo

327 2096 434 2172 fluisse,
458 2096 510 2174 qui
532 2115 624 2174 quum
648 2097 806 2172 Zenodoti,
832 2097 1011 2172 Aristarchi,
1041 2096 1185 2171 Cratetis,
1206 2096 1373 2171 Alexionis,

327 2206 371 2262 tot
386 2201 512 2262 aliorum
526 2201 813 2277 Alexandrinorum,
836 2202 957 2260 nomina
970 2201 1013 2261 ibi
1033 2219 1123 2278 saepe
1138 2201 1249 2276 afferri,
1271 2201 1374 2260 lectio

327 2325 383 2368 nes
406 2308 496 2368 etiam
518 2307 699 2381 editionum,
722 2325 848 2384 quarum
871 2308 972 2366 tenuis
994 2307 1032 2366 ad
1046 2324 1102 2366 nos
1116 2305 1259 2369 memoria
1274 2306 1374 2364 venis-

328 2418 388 2488 set,
418 2418 508 2491 atque
536 2412 699 2472 multorum
728 2411 891 2488 singularia
913 2411 950 2471 de
972 2410 1101 2470 Homero
1127 2410 1238 2487 scripta
1259 2409 1374 2468 laudari

326 2519 528 2594 audivissent,
551 2518 691 2578 continuo
713 2518 767 2576 has
790 2517 872 2594 ipsas
894 2516 1160 2575 commentationes
1182 2521 1213 2573 et
1228 2508 1374 2595 διορθώ-

328 2639 411 2700 σεις,
435 2623 469 2682 in
491 2641 585 2682 unum
603 2641 712 2699 corpus
735 2625 916 2698 compactas,
949 2620 1036 2680 nobis
1059 2619 1191 2679 oblatum
1212 2619 1250 2678 iri
1271 2619 1374 2696 opina-

326 2732 439 2788 rentur.
485 2726 618 2788 Tandem
634 2727 745 2804 prodiit
766 2726 856 2801 liber,
879 2726 968 2802 longa
983 2725 1205 2800 exspectatione
1221 2724 1375 2784 doctorum

327 2833 508 2909 celebratus,
529 2833 599 2911 plus
621 2830 745 2892 dimidio
765 2833 863 2892 minor
882 2850 971 2909 quam
985 2830 1168 2890 Eustathius.
1213 2827 1253 2888 Et
1274 2829 1376 2888 attulit

326 2938 530 2998 tantummodo
563 2955 603 2997 ex
636 2936 699 2996 illis
731 2937 903 2997 criticorum
944 2940 974 2996 et
1004 2936 1204 3012 interpretum
1234 2934 1375 3010 operibus

326 3043 492 3119 Excerptc,
516 3060 578 3101 non
600 3060 635 3101 eo
658 3041 796 3101 instituto
818 3043 909 3116 iacta,
940 3041 1020 3120 quod
1046 3040 1114 3118 quis
1136 3043 1272 3098 nostrum
1294 3057 1375 3098 nunc

328 3153 470 3226 sequatur
492 3149 524 3207 in
547 3148 752 3224 excerpendo,
775 3147 862 3206 modo
884 3147 1033 3221 uberiora,
1055 3146 1143 3205 modo
1165 3143 1374 3221 contractiora,

327 3254 467 3328 plurimis
492 3253 614 3332 quidem
634 3254 743 3312 referta
761 3253 952 3327 lectionibus,
980 3252 1032 3312 sed
1058 3251 1098 3311 iis
1127 3268 1184 3310 nec
1210 3249 1375 3326 primorum

329 3361 474 3434 sontium,
493 3377 549 3419 nec
569 3359 719 3418 rationum
738 3357 936 3434 explicatione
960 3357 1034 3417 satis
1055 3356 1196 3433 munitm,
1224 3358 1375 3430 postremo

326 3465 434 3540 multa,
458 3482 533 3542 quae
555 3464 594 3523 ad
608 3463 774 3522 doctrinam
788 3468 820 3522 et
836 3462 1033 3523 litteraturam
1047 3460 1249 3534 Homericam,
1271 3476 1375 3535 pauca,

327 3589 402 3649 quae
425 3570 463 3630 ad
487 3587 611 3630 sensum
633 3568 819 3644 politicarum
840 3567 985 3628 virtutum
1012 3566 1233 3626 informandum
1255 3564 1374 3638 faciant,

326 3675 486 3734 admodum
508 3674 599 3748 nihil,
623 3672 702 3751 quod
724 3672 802 3732 vatis
823 3677 950 3732 aetatem
973 3672 1037 3732 suis
1059 3671 1263 3749 opinionibuS,
1286 3669 1376 3728 mori-

326 3781 382 3840 bus
416 3785 448 3840 et
480 3779 562 3838 omni
596 3776 747 3838 sentiendi
780 3783 812 3836 et
840 3777 990 3854 cogitandi
1022 3781 1125 3836 tenore
1157 3778 1373 3851 repraesentet3
