2980 4576
268 520 319 575 248
414 519 455 578 At
476 521 596 582 brevius
619 524 709 583 etiam
730 525 875 586 dicendus
898 525 983 586 nobis
1003 525 1192 586 Aristarchus
1213 525 1373 602 interpres.

268 622 372 683 2A9De
402 642 461 701 quo
491 630 591 686 minen
620 632 655 688 ut
686 629 763 688 nihil
794 631 937 705 sciamus,
968 630 1028 690 nisi
1053 623 1056 710 t
1082 631 1161 709 quod
1183 629 1375 707 allegoricam

330 757 532 767 ἦ...

326 825 477 893 revocavit3
495 843 530 880 nc
546 826 612 895 quid
625 827 714 882 dicam
733 829 766 882 de
787 830 891 883 vetusto
904 830 1013 883 auctore
1026 830 1172 900 Argonaut.
1186 828 1308 898 Orphic,
1327 829 1376 883 cui

327 916 397 981 σφίν
409 911 493 966 ferme
506 914 593 968 instar
606 916 648 967 est
658 914 756 969 Protei.
769 947 802 954 —
816 919 957 985 Σφέτερος
969 932 1046 985 porro
1059 917 1101 969 cst
1112 921 1198 968 cester
1210 916 1240 968 in
1249 915 1373 969 Prooem.

321 993 394 1069 ’'Apy.
413 999 538 1068 Hesiod.,
558 1002 629 1069 quod
647 1003 814 1069 prooemium
832 1004 863 1056 ut
880 1003 978 1056 incerti
997 1003 1033 1056 sit
1051 1003 1181 1071 auctoris,
1208 1005 1375 1057 vetustatem

219 1131 225 1145 „
325 1088 415 1138 tamen
425 1085 527 1139 redolet
539 1087 651 1140 minime
664 1089 848 1156 spernendam.
871 1089 974 1142 Verum
986 1106 1046 1144 carn
1059 1089 1232 1144 insolentiam
1246 1106 1300 1144 non
1312 1090 1374 1143 sine

325 1163 388 1227 nota
401 1173 563 1227 dimiserunt
574 1176 680 1229 veteres
694 1175 829 1246 magistri,
844 1177 877 1231 dc
890 1178 1025 1232 sententia
1037 1177 1199 1245 Aristarchi,
1218 1177 1324 1245 opinor:
1344 1180 1374 1231 at

325 1260 425 1314 imitati
442 1277 503 1316 eam
519 1265 583 1315 sunt
598 1265 676 1330 poeta
688 1263 717 1316 in
733 1263 897 1318 Theocriteis
912 1263 1010 1332 XXII,
1025 1264 1078 1332 61,
1094 1264 1216 1333 Apollon.
1230 1264 1279 1330 IV,
1294 1264 1373 1318 1327.

325 1347 436 1418 [1325.],
456 1347 573 1414 Quintus
585 1349 690 1418 Smyrn.
705 1352 732 1403 et
744 1350 798 1404 alii.
831 1349 921 1417 Quid?
940 1351 1012 1420 quod
1029 1353 1107 1420 poeta
1119 1351 1148 1404 in
1159 1352 1269 1406 Theocr.
1279 1351 1373 1420 XXV,

326 1435 383 1488 163.
404 1435 476 1489 idem
497 1452 643 1504 pronomen
660 1437 752 1507 posuit
769 1454 817 1506 pro
837 1438 909 1508 ἐμός.
941 1437 1019 1504 Quod
1034 1438 1188 1508 exemplum
1201 1455 1286 1508 quum
1298 1456 1374 1493 nuno

324 1522 435 1576 unicum
456 1523 503 1591 sit,
525 1523 648 1578 certatim
673 1523 702 1578 id
720 1525 853 1579 mirantur
871 1525 956 1592 docti,
983 1525 1035 1579 etsi
1061 1526 1151 1579 minus
1170 1525 1297 1594 displicet
1314 1526 1373 1580 iilis

325 1612 457 1678 σφέτερος
475 1611 507 1664 de
525 1627 580 1666 unc
598 1612 627 1666 in
645 1612 726 1666 tertia
743 1629 814 1680 pers.
833 1615 993 1682 usurpatum
1012 1629 1055 1681 ap.
1074 1612 1184 1667 Hesiod.
1204 1612 1246 1668 So.
1266 1613 1299 1669 H.
1317 1614 1373 1684 90„

325 1696 472 1751 Pindarum
491 1698 624 1769 aliosque,
648 1703 729 1769 atque
747 1699 801 1755 ista
818 1700 963 1755 insolentia
982 1701 1072 1755 forsan
1090 1701 1131 1754 sic
1150 1701 1258 1755 defendi
1276 1703 1373 1770 possit,

324 1787 366 1853 ut,
386 1785 513 1853 quoniam
533 1788 662 1856 ἡμέτερος
679 1787 713 1842 ab
732 1787 831 1856 optimo
851 1803 958 1857 quoque
976 1788 1085 1856 ponitur
1103 1805 1151 1857 pro
1169 1788 1247 1859 ἐμός,
1265 1792 1293 1842 et
1309 1805 1372 1843 rur-

324 1887 371 1925 sus
389 1876 520 1942 σφέτερος
538 1890 586 1928 seu
605 1874 678 1944 σφός
690 1892 714 1943 p.
730 1876 872 1945 ἡμέτερος,
890 1877 922 1929 ut
940 1875 973 1930 ab
988 1874 1094 1943 Orpheo
1112 1879 1139 1929 et
1152 1875 1294 1945 Apollonio
1308 1876 1372 1946 Rh.‚

323 1962 357 2015 ab
385 1963 435 2016 hac
465 1962 589 2031 analogia
618 1978 775 2031 progressus
800 1963 926 2018 videatur
952 1963 1027 2017 illius
1052 1963 1184 2017 Carminis
1215 1967 1308 2018 auctor
1336 1965 1372 2019 ad

323 2065 404 2103 usum
420 2066 513 2118 suum,
538 2043 657 2104 simodo
675 2049 786 2103 idfecit
803 2050 914 2118 primns.
937 2081 969 2088 —
998 2049 1141 2105 Simiiiime
1163 2051 1258 2106 Gracci
1284 2054 1372 2105 torse-

322 2139 386 2190 rimt
403 2152 550 2205 pronomen
567 2137 664 2192 tertiae
684 2152 814 2204 personae
833 2137 902 2207 sing.
921 2137 978 2200 ἑός,
1000 2141 1032 2190 ut
1055 2137 1084 2192 id
1105 2154 1211 2208 quoque
1229 2137 1258 2190 in
1276 2153 1372 2193 omncs

321 2240 449 2292 personas
467 2224 609 2294 utriusque
626 2224 733 2278 numeri
752 2223 925 2278 adsciverint.
958 2224 999 2278 De
1015 2225 1104 2294 prima
1114 2225 1261 2295 singularis
1276 2241 1371 2279 exem-

321 2310 397 2379 plum
423 2313 548 2381 superest
574 2311 603 2364 in
632 2310 728 2379 Odyss.
757 2329 779 2365 n
805 2311 876 2379 320„
905 2313 1027 2366 notatum
1054 2312 1088 2366 ab
1116 2312 1309 2380 Aristarcheis,
1340 2316 1373 2367 ut
1487 2353 1489 2386 5

274 2465 277 2471 Ι
321 2398 457 2467 suspicor,
478 2401 550 2453 certe
568 2399 602 2453 ab
621 2398 743 2467 Apellen.
762 2397 837 2452 Alex.
857 2398 907 2452 III.
923 2415 948 2467 p.
971 2398 1028 2452 197.
1058 2401 1186 2454 Attamen
1208 2399 1283 2453 hunc
1301 2415 1371 2469 quo·
1487 2421 1489 2466 ;

321 2502 373 2554 que
389 2502 471 2539 usum
489 2486 518 2539 in
537 2484 690 2540 cultissima
703 2485 830 2540 Carmina
846 2501 897 2540 sua
909 2485 1107 2540 transtulerunt
1119 2485 1241 2555 Apollon.
1254 2485 1306 2539 Rh.
1321 2486 1371 2555 N,

322 2572 397 2628 1015.
410 2573 505 2643 [1013]
520 2575 547 2626 et
560 2573 688 2628 Moschus
697 2572 745 2640 IV,
760 2573 801 2625 77.
826 2572 867 2626 De
879 2573 999 2627 secunda
1011 2589 1124 2641 persona
1137 2572 1283 2642 singularis
1295 2589 1371 2628 nunc

320 2677 405 2714 unum
420 2660 574 2730 exemplum
591 2660 702 2729 praebet
715 2658 811 2728 Odyss.
831 2679 855 2712 α.
869 2659 944 2728 403,
963 2660 1050 2726 aliud,
1069 2669 1156 2729 neque
1174 2660 1203 2713 id
1216 2660 1296 2729 plane
1309 2669 1369 2715 cer'-

319 2749 390 2817 tum,
410 2748 519 2803 Hesiod.
533 2741 607 2817 ’Ἐργ.
620 2746 694 2815 381,
714 2747 762 2800 sed
776 2747 855 2815 plura
866 2746 1173 2816 Batrachomyomachia
1191 2750 1218 2800 et
1235 2750 1369 2816 posteris·
1482 2733 1488 2788 3

320 2835 358 2889 ris
378 2835 477 2890 aetatis
494 2835 580 2904 Epici.
616 2835 765 2904 Excepisse
783 2837 874 2889 autem
895 2834 1070 2889 Aristarchus
1088 2834 1197 2888 videtur
1215 2836 1368 2892 anomalam

319 2909 432 2978 formam
458 2923 532 2988 ἑῆος,
558 2939 639 2992 quam
662 2922 726 2977 olim
752 2922 821 2977 male
844 2922 1041 2976 contundebam
1065 2938 1127 2976 cum
1146 2922 1220 2987 racc,
1246 2923 1368 2992 genitivo

320 3010 448 3064 adiectivi
468 3000 523 3078 rte,
543 3010 576 3063 de
595 3025 647 3078 quo
666 3012 758 3064 tamen
775 3025 809 3062 ne
828 3025 900 3063 nunc
920 3009 1029 3078 quidem
1042 3007 1108 3063 satis
1125 3011 1215 3062 certus
1230 3023 1291 3062 sum
1304 3025 1367 3064 sen·

319 3097 432 3165 tentiae,
451 3096 609 3165 praesertim
627 3096 749 3166 inspecto
767 3094 908 3164 Apollonio
922 3095 1000 3149 Alex.
1021 3093 1316 3164 p.157.[155.sq.]-
1335 3097 1368 3150 In

318 3185 399 3238 tertia
421 3199 490 3252 pers.
516 3183 584 3252 plur.
610 3182 653 3242 ἑός
676 3183 776 3253 legitur
800 3182 885 3236 semel
909 3182 938 3235 in
963 3181 1072 3236 Hesiod.
1093 3175 1166 3250 ’Ἐργ
1185 3179 1243 3248 58.,
1269 3183 1312 3236 bis
1338 3184 1366 3237 in

319 3272 501 3339 Batrachum,
528 3270 636 3340 saepius
659 3287 700 3340 ap.
719 3269 929 3337 Alexandrinos,
955 3269 1038 3324 etiam
1063 3285 1104 3337 ap.
1123 3267 1202 3323 Hom.
1225 3270 1308 3339 vulgo
1334 3271 1366 3326 Il.

318 3361 341 3411 λ.
356 3359 413 3427 76.,
432 3358 479 3413 sed
497 3358 623 3427 equidem
641 3359 670 3412 id
688 3359 792 3413 mutavi
812 3357 979 3412 constantiae
997 3372 1086 3412 causa.
1124 3357 1214 3424 Atque
1233 3358 1272 3412 ita
1288 3357 1364 3427 Epici

319 3445 429 3514 quidam
450 3444 480 3498 id
502 3461 647 3513 pronomen
666 3445 749 3499 etiam
767 3445 796 3498 in
816 3445 829 3497 1
855 3447 882 3497 et
903 3443 919 3496 2
937 3459 1007 3512 pers.
1027 3443 1096 3513 plur.
1122 3444 1270 3497 traxerunt.
1307 3445 1362 3499 iam

319 3550 382 3586 cum
397 3532 453 3587 iilis
471 3548 518 3587 vss
545 3532 577 3587 11.
594 3551 618 3585 κ.
637 3532 697 3585 311.
711 3531 770 3586 398.
791 3533 819 3585 et
832 3530 928 3600 Odyss.
948 3550 971 3582 α.
986 3531 1044 3583 117.
1058 3529 1116 3584 402.
1137 3530 1229 3584 contar
1242 3530 1360 3599 Apollon.

318 3619 368 3675 Rh.
382 3619 431 3688 IV,
446 3619 609 3675 1327.1353.
623 3619 709 3687 [1325.
724 3619 824 3687 13513,
842 3619 871 3672 et
889 3620 1027 3672 auctorem
1040 3619 1196 3676 Δολωνείας
1208 3617 1281 3672 haud
1293 3618 1359 3672 maie

317 3705 438 3760 locutum
456 3706 570 3772 senties3
590 3723 677 3776 neque
696 3705 842 3776 releganda
860 3705 950 3760 omnia
967 3704 1075 3774 putabis
1093 3703 1128 3758 ad
1140 3703 1320 3759 barbarismos
1334 3706 1360 3758 et

317 3791 503 3860 soloecismos,
528 3808 596 3861 quae
615 3792 788 3848 Aristarchus
811 3793 1013 3861 compunxerat.
1051 3791 1161 3846 Abusus
1185 3806 1250 3845 vero
1271 3791 1358 3846 analo·
