3048 4588
311 343 345 398 22
753 339 917 393 Prolegomene.

311 527 440 604 derogat.
487 525 551 599 Qua
580 543 620 584 ex
647 524 742 585 classe
763 525 837 584 haec
858 524 998 601 exemplu
1020 523 1062 598 ei,
1093 522 1146 600 qui
1166 519 1290 580 Homeri
1310 519 1357 578 in-

310 631 433 708 genium
467 635 498 690 et
530 629 778 690 consuetudinem
805 629 950 706 loquendi
979 628 1128 703 calluerit,
1163 627 1235 706 quid
1255 625 1356 698 uelim,

311 755 371 796 uno
394 740 556 813 conspectu
583 735 757 795 ostendent:
785 735 821 794 Π.
844 753 875 794 α.
900 738 950 795 20.
982 729 1112 794 λύσαιτε
1139 723 1234 816 φίλην
1260 726 1302 790 τὰ
1328 723 1356 789 d’

313 833 434 900 ἄποινα
454 831 590 915 δέχεσθε
624 845 773 900 mutauim
803 841 839 899 in
871 829 965 899 λῦσαί
995 856 1031 900 τε
1059 857 1094 922 φ.
1117 832 1159 898 τά
1185 833 1212 898 τ’
1235 831 1358 900 όποινα

312 936 485 1020 δέχεσθαι,
508 944 541 1023 β.
564 948 635 1007 293.
657 940 693 1028 ήν
714 946 748 1004 in
771 940 820 1021 όν,
852 963 880 1026 y.
905 947 955 1004 42.
979 937 1124 1026 ἐπόψιον
1145 945 1178 1002 in
1200 938 1357 1026 ὑπόψιον,

312 1044 341 1109 d.
365 1051 417 1108 24.
435 1040 519 1131 Ἥρη
539 1041 691 1131 1αἫρῃ,
712 1067 738 1110 ε.
762 1053 835 1111 227.
860 1042 1071 1131 ἀποβήσομαι
1091 1050 1124 1108 in
1146 1041 1358 1131 ἐπιβήσομαι,

312 1147 337 1229 ζ.
362 1155 414 1214 51.
437 1144 557 1214 ἔπειθε
581 1155 614 1214 in
628 1145 729 1237 όρινε,
749 1175 779 1238 η.
796 1159 870 1216 277.
890 1147 1001 1232 μέσσω
1024 1156 1058 1214 in
1080 1147 1207 1235 μέσσῳ,
1230 1152 1267 1214 3.
1282 1154 1358 1214 454.

311 1254 349 1320 τὸ
371 1252 407 1319 δὲ
428 1252 485 1319 καὶ
506 1253 728 1338 τετελεσμένον
748 1250 840 1320 ἔσται
856 1262 889 1320 in
903 1255 942 1319 τὸ
957 1251 994 1320 δέ
1007 1277 1061 1320 κεν
1074 1277 1139 1319 τετ.
1156 1251 1223 1342 ήεν,
1247 1277 1269 1318 ι.
1284 1262 1358 1320 632.

311 1359 415 1447 1628.)
437 1358 552 1448 φόνοιο
572 1365 604 1424 in
620 1363 752 1448 φονῆος,
775 1384 804 1425 κ.
821 1368 873 1426 88.
896 1353 1001 1424 εἴσεαι
1023 1365 1057 1424 in
1080 1359 1231 1445 γνώσεαι,
1254 1359 1282 1424 λ.
1307 1366 1358 1424 51.

311 1467 388 1547 μεθ’
410 1459 543 1552 ἱππήων
564 1471 597 1530 in
619 1462 687 1552 μέγ’
711 1461 860 1553 ἱππήων,
893 1490 925 1547 μ.
952 1471 1025 1530 382.
1052 1461 1193 1550 χείρεσιν
1215 1461 1359 1552 ἀμφοτέ-

312 1594 367 1656 ρρς
389 1569 426 1656 (s.
445 1567 529 1655 χειρί
561 1592 596 1656 γε
625 1579 665 1658 τῇ
687 1565 791 1657 ἑτέρῃ)
824 1567 920 1658 φέροι
954 1575 987 1634 in
1018 1565 1155 1655 χεέρεσσ
1178 1565 1362 1657 ἀμφοτέρῃς

312 1668 397 1756 έχοι,
421 1698 448 1739 ν.
472 1679 546 1740 485.
574 1671 620 1739 ἐνὶ
642 1678 740 1760 θυμῷ
766 1681 800 1740 in
829 1672 887 1739 ἐπὶ
917 1677 1033 1760 θυμῷ,
1060 1673 1087 1754 ξ.
1111 1681 1185 1738 414.
1210 1677 1307 1761 ῥιπῆς
1328 1679 1361 1738 in

312 1779 451 1867 πληγῆς,
476 1802 503 1844 ο.
521 1787 594 1846 379.
618 1777 690 1846 νόον
709 1786 743 1845 in
762 1779 903 1861 κτύπον,
927 1804 965 1844 π.
982 1788 1055 1845 732.
1079 1773 1175 1859 έπεχε
1197 1785 1231 1844 in
1245 1773 1360 1866 ἔφεπε,

312 1909 340 1969 ρ.
366 1889 439 1948 365.
462 1882 563 1950 πόνον
583 1890 617 1949 in
639 1884 754 1972 φόνον,
786 1907 814 1949 ο.
840 1890 913 1952 531.
935 1881 1032 1972 ἱρέων
1053 1890 1086 1948 in
1108 1879 1236 1970 εἰράων,
1259 1907 1287 1948 τ.
1308 1892 1360 1948 19.

312 1986 474 2074 έτάρπετο
507 1994 541 2054 in
571 1987 787 2075 cerdonem,-
807 2015 835 2054 ο.
865 1996 917 2056 35.
950 1985 1088 2054 κέκαστο
1129 1993 1163 2052 in
1195 1985 1360 2067 κέκασται,

245 2075 255 2096 ’
311 2115 347 2180 φ.
370 2101 445 2158 493.
469 2088 586 2158 ἔπειτα
609 2100 642 2158 in
664 2094 815 2175 ὕπαιθα,
836 2117 866 2174 χ.
890 2099 964 2160 326.
988 2092 1119 2175 μεμαώς
1140 2098 1173 2156 in
1195 2096 1360 2175 μεμαῶτα,

311 2207 352 2283 ψ.
375 2205 447 2262 280.
472 2195 589 2276 σθένος
618 2204 650 2262 in
671 2195 780 2279 κλέος,
811 2223 847 2264 ω.
872 2207 945 2265 793.
974 2193 1159 2283 κασίγνητοι
1189 2193 1299 2284 ἕταροί
1324 2219 1361 2262 τε

310 2307 344 2366 in
366 2299 552 2390 κασίγνητοί
573 2307 610 2367 θ’
634 2299 744 2390 ἕταροί
766 2304 846 2390 τε*).

399 2413 448 2474 Ex
469 2413 532 2474 illis
552 2432 635 2474 nunc
656 2433 741 2474 ame
759 2414 880 2474 reiectis
900 2414 1080 2474 lectionibus
1102 2411 1264 2472 nonnullae
1288 2411 1361 2472 satis

312 2519 451 2595 antiquos
479 2524 510 2580 et
541 2519 665 2580 idoneos
697 2525 832 2580 auctores
865 2521 990 2594 habent,
1027 2519 1135 2595 partim
1167 2519 1200 2576 in
1234 2517 1362 2580 Soholiis

312 2623 490 2683 nominatim
512 2624 684 2700 appellatos.
732 2624 791 2685 Sed
806 2643 846 2685 ne
863 2624 976 2699 dicem,
999 2625 1185 2684 diversarum
1199 2623 1362 2682 lectionum

312 2727 432 2805 optione
455 2729 524 2787 deta
540 2730 627 2790 nobis
645 2728 759 2806 proprii
780 2729 885 2789 iudicii
903 2729 1116 2790 necessitatem
1138 2727 1252 2804 imponi
1258 2748 1265 2804 ;
1289 2727 1362 2805 quid

312 2836 373 2908 est,
396 2833 476 2911 quod
497 2851 553 2894 nos
568 2834 671 2910 adigat
692 2835 725 2892 in
747 2836 839 2894 verba
861 2834 1040 2894 Oriticorum
1062 2838 1214 2908 vetorum,
1236 2832 1289 2891 ubi
1311 2849 1362 2890 eos

311 2936 442 2999 Homero
470 2937 611 2998 indecora
644 2938 799 2999 interdum
833 2939 1005 2999 melioribus
1038 2938 1098 2998 iam
1130 2943 1196 2996 tum
1232 2935 1362 3012 receptis

269 3069 303 3123 30
311 3042 506 3119 praetulisse,
536 3048 588 3102 aut
610 3063 650 3104 ex
672 3044 843 3122 importuna
867 3044 1037 3105 coniectura
1061 3036 1064 3125 l
1085 3042 1226 3102 intulisse
1249 3041 1362 3118 reperi-

311 3151 398 3208 mus?
443 3149 571 3210 Ridetur
594 3169 640 3208 cor
661 3150 794 3208 chdcti
814 3154 845 3210 et
866 3151 942 3208 ιἰαιν
966 3150 1101 3219 θεοίνια,
1129 3166 1168 3206 an
1189 3147 1362 3206 Aristarcho

312 3273 347 3314 ea
368 3254 481 3332 ubique
504 3255 584 3314 ecies
606 3255 718 3314 mentis
740 3259 771 3314 et
793 3255 897 3314 iudicii
919 3255 993 3329 fuit,
1020 3259 1055 3312 ut
1083 3253 1121 3312 eb
1143 3271 1178 3312 eo
1200 3251 1361 3312 dissentire

312 3360 352 3418 sit
366 3361 474 3420 nefas?
503 3349 733 3419 ⁴Auctoritatem
747 3359 879 3437 profecto
892 3377 953 3419 non
969 3359 1084 3419 faciunt
1098 3375 1207 3433 magna
1221 3356 1360 3434 nomina3

312 3465 421 3543 quibus
444 3464 518 3524 adeo
541 3464 568 3524 si
589 3465 686 3540 ipsius
708 3469 813 3540 poetae
835 3468 985 3541 repugnat
1011 3464 1168 3540 ingenium
1189 3467 1219 3522 et
1240 3461 1362 3521 aliunde

401 3720 444 3789 [*)
463 3719 509 3775 Sic
527 3719 643 3774 Wolfius
662 3718 830 3787 emendavit,
850 3735 905 3772 non
923 3723 1101 3788 κασιγνηταί,
1120 3719 1191 3788 quod
1204 3717 1275 3773 mule
1292 3717 1361 3788 legi.

310 3810 356 3861 tur
371 3807 401 3860 in
419 3807 544 3862 omnibus
560 3805 683 3876 Prolegg.
703 3805 896 3874 editionibus]
