3048 4588
583 360 747 412 Prolsgomena.
1150 361 1181 412 71
1294 385 1296 391 ι

134 541 266 614 1111111111,
289 546 321 600 01
342 542 378 601 ab
400 541 441 601 iis
457 541 647 616 numinibus,
670 559 746 618 quae
760 559 848 602 nemo
867 559 936 602 esse
950 523 1061 616 eredit,
1082 541 1184 600 doctos

136 665 168 706 se
190 647 267 704 odera
290 633 412 720 rontano,
445 665 506 705 non
533 646 663 705 humano
684 664 767 705 more
788 645 865 722 loqui
883 646 933 705 101
955 645 1071 704 seribere
1093 645 1184 705 simu·

134 751 213 810 lant:
237 769 277 810 ex
296 769 354 829 quo
377 751 437 810 iam
458 750 482 809 ii
503 769 620 828 quoque
643 755 758 821 saraa,
784 751 837 828 qui
859 769 897 810 ne
913 752 1100 825 pronunciare
1119 750 1184 827 qui·

25 849 27 928 f
135 858 204 915 dem
224 861 305 916 10010
328 861 472 933 possunt,
491 861 580 933 atque
604 857 742 914 auditores
766 855 824 916 sibi
846 856 963 916 1111111οο
983 860 1104 933 sperant
1118 874 1184 915 ver-

135 979 238 1035 suum,
267 961 319 1037 qui
345 979 560 1038 nonnunquam
587 961 642 1020 soli
672 961 860 1038 typographo
890 959 1063 1034 sortiantur,
1095 965 1126 1019 01
1147 961 1184 1020 ab

134 1066 186 1125 illo
210 1067 357 1125 duntaxat
379 1066 549 1142 syllabatim
567 1066 706 1141 irruatur.
752 1065 812 1126 Sed
834 1067 908 1126 haee
931 1071 961 1125 01
976 1066 1069 1124 multo
1089 1065 1183 1142 plura,

25 1165 27 1168 ’
135 1172 245 1248 quibus
267 1177 386 1231 nostrae
409 1171 541 1248 poeticae
563 1171 638 1231 ratio
662 1177 694 1230 01
721 1189 771 1230 ars
793 1171 829 1230 ab
858 1171 981 1246 antiqua
1002 1162 1182 1251 γνησιότηει

135 1279 253 1351 differt,
275 1278 312 1335 ab
328 1277 397 1336 aliis
420 1275 572 1352 magistris
594 1276 800 1352 cognossenda
816 1281 894 1335 sunt.
942 1275 1091 1352 Spernant
1111 1274 1183 1335 1100-

135 1383 178 1442 bit
210 1383 266 1441 has
298 1382 431 1458 argutias
472 1386 604 1456 nostras,
646 1382 817 1458 quicunque
853 1380 1017 1439 Homerum
1052 1379 1183 1440 iudicare

135 1491 290 1565 nequeunt
312 1487 372 1546 nisi
394 1505 433 1546 ex
456 1487 567 1546 nostris
589 1486 735 1562 ingeniis,
760 1486 849 1545 modo
871 1486 1035 1557 fateantur,
1056 1485 1183 1545 diversis

136 1593 296 1653 sententiis
318 1593 452 1652 addictos
481 1609 536 1651 nos
564 1609 625 1651 non
655 1591 824 1651 temeritate
844 1591 914 1706 dubi
937 1590 975 1649 ad
997 1590 1085 1650 aliter
1105 1590 1183 1648 iudi-

25 1725 26 1728 *
139 1699 275 1758 candum.

25 1867 27 1882 =
201 1802 380 1876 Ι11001010
402 1803 488 1862 uobis
516 1803 592 1878 ipsis
622 1802 765 1861 credibile
788 1806 884 1876 esset,
911 1800 1049 1878 Carmina
1071 1819 1089 1858 a
1109 1801 1183 1860 vati·

25 1887 27 1912 ³
135 1911 190 1968 bus
212 1913 245 1967 et
267 1907 438 1967 memoriter
459 1907 622 1984 composita
652 1911 685 1965 et
713 1907 807 1965 unius
834 1905 994 1964 memoriae
1017 1904 1184 1964 ministerio

26 2043 27 2048 1
136 2017 298 2092 propagata
315 2030 397 2086 esse,
425 2006 587 2092 (nonnulla
617 2012 699 2071 enim
730 2029 791 2070 non
820 2016 892 2070 sunt
913 2009 1080 2084 eredibilia,
1107 2029 1183 2087 qnae

24 2133 46 2164 κ·
135 2119 260 2179 historia
290 2117 369 2194 cogit
394 2099 549 2196 aedera)
579 2134 677 2193 neque
712 2117 853 2191 mirarer,
891 2117 916 2174 si
950 2115 1018 2192 quis
1047 2115 1096 2175 101
1129 2115 1184 2173 uni

136 2224 265 2283 Homero
298 2222 448 2300 quendam
480 2239 571 2281 usum
605 2221 755 2280 scribendi
789 2213 822 2279 ἐν
859 2213 1055 2302 ἄποῤῥήῑοις
1087 2220 1182 2280 fuisse

24 2325 26 2374 i
137 2330 280 2404 fingeret,
314 2327 375 2387 nisi
404 2327 631 2402 vulgatissimus
664 2326 735 2385 olim
768 2343 832 2385 mos
859 2325 1002 2384 recitandi
1030 2329 1061 2384 01
1084 2325 1181 2384 omnis

24 2457 26 2494 ÷
135 2433 260 2493 historia
293 2432 508 2508 rhapsodorum
540 2430 813 2508 argumentationes
846 2434 877 2489 et
906 2430 1035 2489 rationes
1065 2434 1181 2489 nostras

24 2527 25 2532 ¹
136 2539 314 2616 gravissime
344 2540 540 2598 confirmaret.
593 2538 631 2597 In
661 2537 714 2596 illa
742 2540 841 2596 autem
864 2541 910 2596 est
931 2536 1075 2611 maxime,
1103 2535 1182 2612 quod

137 2644 307 2721 scrupulos,
337 2643 446 2721 quibus
478 2661 621 2703 assensus
650 2643 817 2717 oohibetnr,
849 2641 970 2719 penitus
1002 2659 1041 2700 ex
1073 2641 1181 2701 animis

24 2809 26 2830 s
138 2749 256 2810 evellat
301 2749 396 2808 Dooet
429 2748 523 2822 enim,
558 2766 617 2825 quo
648 2753 734 2825 pasto
761 2748 827 2807 fieri
859 2746 1004 2823 potuerit,
1037 2751 1072 2804 ut
1100 2751 1181 2805 aetas

24 2923 25 2936 ἢ
122 2831 258 2914 ’ἀοιδῶν
290 2854 476 2930 scriptoriam
508 2858 602 2912 artem
635 2853 685 2912 101
713 2870 773 2911 non
797 2851 991 2926 desideraret,
1023 2857 1182 2928 antequam

139 2958 270 3019 Graecae
292 2959 414 3036 lingone
437 2963 537 3036 aptata
558 2964 655 3033 esset,
675 2958 741 3033 vel,
763 2975 857 3034 quum
878 2957 938 3016 iam
953 2956 1011 3016 ooli
1026 2955 1181 3032 ooepisset

139 3062 220 3139 ligno
239 3056 243 3144 1
262 3068 292 3122 01
306 3063 373 3123 aliis
388 3064 607 3140 operosioribus
622 3063 730 3122 massis
752 3079 847 3139 aequo
869 3061 968 3119 animo
990 3060 1180 3138 relinqueret.
1191 3067 1226 3120 94

598 3223 719 3290 XXH.

227 3381 287 3440 Hic
309 3398 431 3456 prorsus
453 3381 536 3441 obliti
553 3383 662 3442 serinia
677 3387 778 3441 nostra
797 3387 828 3441 et
842 3381 1051 3453 bibliothecas,
1074 3379 1182 3456 quibus

141 3503 221 3546 nuno
245 3486 412 3546 studiorum
432 3486 638 3546 immortalitas
661 3491 791 3560 constat,
818 3484 1035 3544 transvolemus
1057 3483 1129 3543 hino
1150 3486 1184 3543 iu

24 3661 25 3664 Ἴ
142 3591 198 3650 alia
220 3596 354 3667 tempora
385 3595 416 3650 et
447 3591 480 3649 111
513 3591 606 3650 alitum
626 3593 728 3652 orbem
747 3609 861 3666 rerum,
894 3591 946 3649 ubi
979 3595 1023 3648 tot
1052 3590 1182 3664 iuventa,

144 3713 217 3772 quae
238 3695 325 3754 nobis
346 3695 486 3754 videntur
512 3696 550 3754 ad
575 3697 661 3756 beata
683 3695 846 3756 vivendum
865 3694 1034 3755 necessaria
1057 3712 1136 3769 asse,
1166 3714 1185 3753 a

145 3799 329 3878 sapientibus
362 3799 500 3860 omuibus
532 3805 563 3860 et
587 3801 689 3861 stultis
717 3801 935 3876 ignorabantur.
981 3798 1078 3875 Quid?
1105 3800 1184 3881 quod
