3048 4588
587 356 752 411 Prolegomena.
1174 357 1191 411 5

637 537 699 604 111.

232 659 357 720 Abiecta
379 680 450 738 ergo
473 679 544 739 spe,
571 663 634 723 fore
654 682 803 742 unquam,
835 669 870 723 ut
892 664 1064 724 Carmiuum
1083 663 1216 727 Home-8

145 765 274 824 ricorum
296 784 372 842 quae
401 767 541 843 primitus
570 768 662 828 fuerit
682 769 791 844 forma,
821 768 893 828 alibi
921 787 1010 846 quam
1036 769 1069 828 in
1090 774 1192 829 mente

145 875 261 945 nostra,
281 875 314 930 et
334 871 367 929 id
389 872 510 948 quidem
530 873 655 933 rudibus
677 874 783 948 husie,
806 874 881 950 fingi
904 878 1006 951 queat,
1035 875 1190 951 experien-

145 973 218 1032 dum
245 973 416 1050 videbatur,
450 994 509 1053 quo
540 995 595 1037 nos
626 979 660 1036 in
693 977 883 1054 expoliendis
915 977 964 1038 his
996 979 1127 1038 aeternis
1160 983 1191 1038 et

145 1079 243 1138 unicis
265 1077 371 1139 Graeci
394 1080 508 1156 ingenii
529 1081 666 1159 reliquiis
688 1083 816 1159 vestigia
834 1083 1020 1160 antiquitatis
1039 1084 1189 1144 ducerent

145 1182 240 1256 Quam
261 1202 364 1242 curam
390 1199 483 1262 quum
511 1186 591 1246 inter
616 1192 661 1247 tot
689 1189 823 1262 diversa,
850 1205 926 1265 quae
955 1187 1061 1247 molior
1087 1205 1190 1247 earum

143 1287 302 1347 illustratio
336 1290 448 1365 poscit,
489 1291 617 1367 primam
655 1296 687 1352 et
722 1293 852 1352 maxime
885 1293 1084 1352 necessariam
1121 1310 1188 1352 esse

143 1411 312 1469 censerem,
342 1395 398 1454 hac
420 1395 551 1456 editione
584 1397 623 1455 ad
655 1414 722 1456 eam
754 1397 796 1456 ita
818 1397 953 1456 animum
975 1397 1122 1474 applicui,
1154 1402 1189 1457 ut

142 1499 331 1559 deaurationis
353 1501 553 1576 recensionis,
575 1502 662 1562 ouius
682 1502 804 1561 modum
826 1520 918 1579 supra
930 1502 1099 1579 designavi,
1121 1520 1189 1578 spe-

141 1603 246 1662 cimen.
262 1604 371 1664 darem.
416 1605 453 1664 Id
475 1605 603 1666 Homero
626 1607 760 1666 nondum
782 1607 960 1683 contigisse,
987 1607 1065 1666 inter
1088 1607 1187 1666 erudi-

140 1712 186 1768 tos
207 1715 331 1769 constat
375 1709 453 1770 Nam
475 1712 743 1772 instrumentorum
773 1712 883 1772 idoneo
905 1729 1030 1772 numero
1051 1681 1188 1772 oardntes

140 1813 266 1874 antehac
295 1814 425 1875 editores
458 1834 498 1876 ne
529 1822 666 1894 poterant
687 1817 824 1895 quidem,
858 1816 885 1877 si
915 1816 1093 1892 voluissent,
1127 1817 1187 1876 tale

140 1918 299 1978 consilium
318 1919 411 1979 inire:
446 1921 546 1998 itaque
579 1922 774 1999 plerumque,
807 1921 868 1980 nisi
901 1939 952 1982 eos
980 1921 1056 1980 forte
1078 1921 1187 1998 aliquis

139 2041 257 2098 pannus
279 2023 392 2083 Scholii
413 2025 463 2084 vel
485 2025 637 2086 Eustathii
659 2027 808 2086 codicisve
830 2027 958 2087 varietas
979 2031 1187 2102 commoveret,

139 2128 242 2188 obviae
264 2129 471 2204 perspicuitati
493 2131 710 2190 sententiarum
726 2149 831 2192 secure
845 2130 1073 2190 indormiebant.
1102 2130 1187 2190 Adeo

139 2231 269 2292 Homero
303 2233 432 2311 insignis
465 2254 518 2295 sua
552 2235 619 2296 laus
651 2237 828 2296 tenuitatem
861 2236 963 2295 attulit
988 2239 1025 2312 ,et
1051 2235 1186 2310 maciem,

140 2355 232 2415 quum
253 2339 305 2398 alii
326 2340 410 2400 vitiis
440 2341 503 2401 suis
535 2341 776 2418 pinguescerent
821 2341 1026 2418 Lycophronis
1048 2341 1186 2400 tenebras

140 2443 166 2502 si
183 2443 354 2519 obiecisset,
377 2445 489 2504 mirum
510 2447 543 2506 ni
565 2445 595 2506 ei
617 2446 672 2506 toti
687 2463 795 2522 greges
809 2445 976 2506 baiulorum
999 2445 1187 2504 iamdudum

139 2547 237 2608 lucem
259 2549 458 2627 undecunque
485 2555 699 2627 apportassent.
743 2550 812 2611 Non
835 2568 891 2627 ego
913 2551 1053 2627 cuiquam
1075 2567 1186 2624 eorum,

141 2654 190 2729 qui
212 2657 333 2730 poetam
354 2654 427 2714 olim
449 2655 625 2731 ediderunt,
654 2655 728 2715 vitio
750 2660 882 2731 vertam,
911 2660 973 2715 tam
995 2673 1101 2733 pamm
1123 2659 1186 2715 stu-

140 2758 221 2818 diose
243 2760 280 2818 ab
301 2759 341 2820 iis
360 2760 547 2820 membranas
577 2765 607 2820 et
633 2761 777 2839 reliquias
800 2761 986 2822 Scholiorum
1014 2779 1055 2821 ex
1083 2761 1185 2821 biblio-

140 2864 234 2924 thecis
257 2865 441 2943 conquisitas
460 2883 542 2926 esse:
563 2866 595 2924 id
617 2867 753 2926 fortunae
768 2867 866 2943 magis
888 2870 935 2926 est
958 2884 1046 2944 quam
1068 2867 1184 2943 ingenii

140 2973 190 3027 aut
220 2969 400 3029 industriae:
437 2989 607 3048 quanquam
640 2971 791 3046 nonnulli,
824 2976 858 3030 ut
886 2970 1060 3046 Berglerus,
1093 2972 1184 3030 etiam

139 3074 250 3134 oblatas
271 3075 419 3134 eiusmodi
448 3093 520 3153 opes
549 3081 743 3153 spreverrmt3
773 3076 840 3136 aliis
869 3081 985 3151 autem,
1015 3080 1049 3135 ut
1070 3076 1184 3136 Italicis

140 3179 318 3254 editoribus,
344 3198 447 3239 earum
474 3181 652 3240 utendarum
681 3175 816 3261 iaculltas
846 3182 879 3240 in
900 3181 1011 3241 vicinia
1032 3185 1101 3241 erat.
1146 3181 1209 3240 1119

14 3269 18 3306 ³
139 3282 186 3342 his
206 3285 309 3358 rebuS,
341 3289 377 3344 ut
405 3285 483 3361 dixi,
517 3303 604 3347 casus
633 3287 809 3346 dominatu.
855 3285 915 3347 Sed
942 3286 1022 3363 quod
1048 3303 1087 3346 ne
1109 3287 1184 3346 haec

139 3389 276 3466 quidem,
310 3407 386 3467 quae
419 3391 498 3468 apud
529 3392 666 3468 vulgatos
701 3391 877 3467 scriptores,
911 3390 1124 3451 Grammaticos
1152 3395 1184 3450 et

139 3492 378 3570 Lexioographos
407 3496 440 3554 in
472 3500 613 3574 promptu
645 3500 748 3570 erant,
786 3514 842 3556 neo
876 3500 1019 3572 congesta
1050 3496 1087 3556 ab
1120 3496 1183 3556 ulio

140 3615 253 3674 eorum,
287 3617 386 3676 neque
402 3600 441 3660 ad
463 3601 706 3662 constituendum
731 3605 850 3661 textum
879 3601 1012 3660 adhibita
1035 3605 1120 3676 sunt,
1151 3602 1183 3661 id

140 3702 194 3761 soli
216 3703 419 3780 negligentiae
434 3724 469 3766 ao
491 3705 606 3765 levitati
625 3706 837 3784 imputandum
855 3705 977 3766 dixeris.
1021 3706 1098 3766 Nam
1114 3707 1183 3783 quis

139 3807 267 3883 primum
281 3810 400 3870 evolvat
413 3830 441 3870 v.
453 3829 477 3871 c.
493 3811 686 3889 Apollonium
696 3810 867 3887 Dyscolum,
882 3810 1121 3890 Etymologioum
1132 3812 1182 3886 M,
