2980 4576
354 353 406 409 158
478 340 480 344 ’
794 351 956 405 Palaemona

291 526 342 581 205
350 534 542 596 iudicandum
564 537 622 596 erit
641 536 679 596 de
693 535 830 613 principe
845 508 1055 616 Orilticorum,
1067 551 1107 593 ne
1127 532 1188 610 ipsi
1210 533 1386 609 imputemus

306 713 309 720 Ι
349 638 436 716 vitia,
466 659 542 718 quae
575 642 604 701 ei
634 641 759 701 forsitan
789 639 958 700 communia
987 639 1100 699 fuerint
1127 656 1197 698 cum
1220 635 1386 698 doctissimo

349 763 467 824 quoque
487 743 609 806 illorum
630 750 808 824 temporum.

349 853 353 862 '
434 849 512 910 Nam
533 851 571 912 de
592 852 632 912 iis
646 852 729 912 vitiis
744 856 776 912 et
790 851 955 924 erroribus,
978 850 1087 927 quibus
1103 847 1386 908 0111101101Ηο110-
1473 857 1475 898 1

347 953 427 1015 ricae
446 960 477 1026 et
491 955 621 1017 Graecae
640 956 781 1017 orationis
794 973 897 1016 veram
916 954 1062 1014 rationem
1076 958 1248 1031 pervertere
1264 952 1386 1026 videtin,

347 1059 434 1119 aliter
464 1059 498 1119 in
520 1062 640 1121 saeculo
666 1061 869 1138 grammaticis
896 1059 1065 1138 praeceptis
1087 1058 1271 1132 abundante,
1304 1056 1387 1117 aliter
1473 1039 1475 1078 ³

347 1163 380 1222 in
402 1164 456 1224 illo
478 1169 610 1226 statuere
631 1167 779 1226 convenit.
824 1165 903 1225 Ante
925 1165 1006 1226 enim
1028 1183 1118 1242 quam
1139 1163 1244 1240 lingua
1263 1161 1302 1221 ad
1324 1162 1387 1222 suh
1474 1189 1475 1226 3

347 1268 490 1329 tilitatem
510 1275 738 1348 praeceptorum
759 1269 907 1331 curiosius
928 1269 1061 1330 revocari
1075 1273 1182 1346 coepta
1201 1271 1279 1342 erat,
1302 1266 1388 1327 etiam

348 1373 505 1450 ingenioso
525 1374 585 1434 labi
606 1375 693 1435 licuit
707 1379 738 1435 et
756 1375 940 1435 inconstanti
961 1392 1028 1434 esse
1048 1374 1081 1433 in
1096 1373 1153 1432 hoc
1167 1390 1289 1449 genere,
1313 1369 1388 1449 quod

348 1477 470 1554 ingenio
503 1478 605 1540 minus
639 1498 729 1557 quam
762 1485 826 1540 arte
859 1479 981 1556 regitur.
1026 1479 1098 1557 Ipsa
1127 1496 1199 1538 vero
1226 1495 1275 1537 ars
1303 1494 1388 1554 quam

348 1583 469 1660 exiguis
498 1583 532 1643 in
564 1585 654 1645 rebus
686 1585 795 1644 titubet
818 1603 941 1644 cursum
969 1583 1158 1660 ingrediens,
1191 1599 1341 1660 quamque
1361 1581 1388 1640 ei
1474 1583 1475 1590 ’

348 1706 476 1765 pronum
499 1688 554 1763 sit,
575 1689 648 1749 (111111
669 1689 750 1750 inter
771 1688 1020 1750 consuetudinem
1041 1688 1220 1766 scriptorum
1241 1692 1273 1747 et
1294 1685 1388 1763 legiti-

347 1812 428 1852 mam
449 1794 596 1854 rationem
619 1794 782 1854 diiudicare
805 1795 917 1870 studet,
947 1796 984 1854 ab
1004 1799 1131 1871 utraque
1153 1811 1257 1864 norma
1278 1791 1388 1869 impru-

347 1898 453 1958 denter
479 1900 629 1974 aberrare,
653 1900 768 1960 nemini
786 1900 980 1976 'intelligenti
1009 1901 1168 1960 obscmum
1194 1915 1261 1958 csse
1284 1900 1387 1975 potest

347 2003 452 2081 Itaque
472 2003 594 2064 fuerimt
615 2004 767 2065 interdum
790 2005 913 2080 eruditi,
947 2005 1000 2083 qui
1026 2004 1207 2078 Varronem,
1237 2007 1268 2063 01
1292 1999 1389 2078 siqui

347 2108 438 2168 huius
460 2109 598 2186 aequales
627 2110 788 2170 decausis
819 2109 967 2170 sermonis
989 2109 1089 2190 Latini
1117 2109 1294 2185 anquirunt,
1324 2124 1388 2166 con-

347 2214 485 2291 temptim
507 2213 669 2274 invitarent
697 2215 735 2274 ad
767 2215 883 2275 scholas
911 2233 994 2290 suas,
1024 2219 1059 2274 ut
1089 2231 1165 2292 quae
1184 2213 1257 2273 elim
1282 2212 1389 2272 frustra

347 2409 401 2464 1110.
437 2409 512 2464 Num
536 2410 566 2464 id
589 2426 652 2480 ergo
675 2410 842 2465 Zenodoteae
865 2411 989 2464 monetae
1007 2408 1180 2478 putabimus?
1216 2407 1259 2462 Ita
1284 2408 1318 2462 (10
1335 2421 1387 2460 vsa

347 2497 381 2550 ab
400 2513 431 2550 eo
449 2496 559 2551 reiectis
587 2497 671 2552 semel
697 2499 818 2566 notatur,
846 2497 948 2568 (1134.
972 2499 1000 2550 01
1017 2496 1154 2565 proximos
1179 2496 1388 2566 duosetiama

348 2575 477 2638 Chiorum
505 2584 628 2653 exemplo
656 2584 783 2640 abfuisse.
829 2585 936 2638 Addere
963 2584 1007 2638 his
1037 2584 1124 2638 multa
1149 2582 1312 2638 facillimum
1341 2582 1387 2636 est

347 2672 380 2724 A.
399 2670 458 2725 216.
479 2669 636 2741 σφωΐτεροκ
661 2672 690 2724 in
708 2672 827 2726 secunda
844 2687 959 2741 persona
976 2671 1123 2741 singularis
1140 2669 1247 2724 numeri
1265 2668 1393 2724 adhibuit·

349 2757 376 2812 Z.
394 2758 469 2814 Infra
486 2758 651 2827 videbimus,
670 2759 700 2812 id
717 2761 745 2812 et
761 2759 824 2813 ahie
843 2759 929 2827 poetis
946 2759 1138 2813 Alexandrinis
1156 2757 1306 2827 placuisse,
1325 2771 1387 2825 quos

347 2861 426 2898 nemo
454 2844 553 2899 dixerit
580 2846 614 2899 ab
640 2863 694 2900 uno
714 2845 741 2898 Z.
759 2846 892 2914 deceptos
920 2846 948 2904 Ξ.
967 2845 1027 2900 442.
1052 2841 1148 2912 Ὀϊλῆα
1170 2844 1241 2898 male
1264 2841 1386 2907 mutavit,

347 2932 488 3001 inquiunt,
508 2932 538 2985 in
554 2926 634 2999 Ἰλῆο.
670 2932 768 2987 Statim
780 2935 808 2986 01
819 2934 901 2988 huius
918 2936 1020 2988 formae
1034 2934 1175 3002 antiquum
1187 2948 1268 2986 usum
1282 2931 1387 2985 demon-

347 3019 501 3074 strabimus,
527 3018 559 3073 B.
577 3019 638 3073 484.
663 3020 738 3074 dedit
761 3021 879 3073 Μοῦσαι
901 3021 1083 3088 βαθύκολποι.
1119 3020 1219 3074 Rident
1244 3018 1386 3087 epitheton,

347 3107 381 3160 ab
399 3107 516 3161 Homero
535 3106 662 3162 Barbaris
680 3108 759 3163 modo
783 3107 841 3162 dari
865 3107 984 3162 solitum.
1020 3111 1057 3162 At
1075 3107 1262 3163 auctoritatem
1280 3102 1387 3160 lectioni

348 3195 475 3249 conciliat
492 3194 626 3249 Pindarus
643 3195 723 3264 Pyth.
742 3195 764 3249 I.
783 3195 835 3264 23,
854 3212 938 3266 quum
955 3199 1079 3250 veterum
1096 3195 1294 3264 exemplarium
1311 3194 1387 3248 fidem

347 3281 512 3352 ignoremus,
548 3283 589 3336 De
611 3283 662 3338 hac
684 3284 777 3337 autem
804 3284 989 3353 quaerendum
1014 3285 1102 3338 fuerat
1119 3283 1272 3350 veteribus,
1301 3282 1386 3352 prius·

251 3440 253 3444 .
348 3384 429 3438 quam
448 3368 576 3424 Zenodoti
594 3369 730 3440 insignem
748 3370 889 3424 audaciam
908 3371 936 3424 et
953 3371 1132 3441 ignorantiam
1153 3371 1279 3425 riderent

449 3451 548 3526 Ἡμεῖς
564 3455 620 3530 γὰρ
637 3458 715 3517 κλέος
734 3455 796 3510 οἷον
813 3457 962 3527 ἀκούομεν,
983 3458 1050 3510 οὐδέ
1064 3478 1091 3510 τι
1111 3457 1201 3527 ἴδμεν.

348 3541 426 3596 Nihil
445 3543 559 3613 scimus,
587 3543 642 3598 nisi
661 3543 774 3614 quidin
792 3544 868 3598 illius
895 3545 1050 3600 recensione
1077 3545 1179 3600 lectum
1206 3543 1288 3599 1110111
1310 3543 1385 3606 011111;

348 3630 381 3682 (10
399 3629 502 3684 11111010
521 3631 575 3685 riri
593 3647 689 3699 parum
707 3633 826 3700 constat3
850 3633 898 3686 sed
917 3633 978 3702 ipsa
995 3649 1039 3687 res
1057 3633 1159 3704 arguit,
1172 3653 1174 3658 ·
1186 3631 1304 3704 plurima
1320 3630 1386 3684 ¹vitia

348 3733 412 3770 eum
430 3734 464 3771 ex
482 3719 680 3787 antiquioribus
691 3719 811 3773 fontibus
829 3719 956 3791 traxisse,
978 3737 1046 3790 quae
1058 3721 1104 3775 vel
1116 3720 1281 3775 doctissimis
1294 3717 1384 3789 potitis,

348 3804 442 3876 quales
460 3806 640 3861 Antimachus
658 3809 687 3861 01
704 3806 887 3862 Callimachus
906 3809 1029 3879 1110111111,
1047 3808 1222 3879 imponerent
