2984 4580
563 312 726 365 Prolegomena.
1116 313 1168 369 209

125 494 333 553 auctoritatem
356 487 360 573 Ι
382 494 570 554 referendam
592 513 668 554 esse.
707 494 743 552 Id
763 494 872 571 quibus
894 495 1079 570 argumentis
1101 501 1233 555 con-270

125 598 262 672 moerim,
291 599 396 676 paucis
422 599 546 677 docebo;
576 618 615 659 an
640 599 803 677 probabilia
832 617 868 658 00
897 604 1074 676 argumenta
1102 600 1171 675 sint,

126 703 262 762 cuiusvis
284 705 342 762 erit
364 703 504 764 iudicare.

213 807 315 866 Primo
348 809 431 868 enim
463 813 600 886 apparet,
633 812 729 868 totum
761 809 818 867 hoc
845 825 953 886 corpus
985 808 1172 869 Scholiorum

125 912 317 987 potissimum
350 912 388 971 ad
418 913 583 972 Aristarchi
616 913 822 972 recensionem
856 929 923 972 esse
955 917 1170 989 comparatum:

124 1021 258 1093 arguunt
290 1017 322 1076 id
352 1018 494 1077 librorum
531 1018 765 1094 subscriptiones
775 1013 833 1099 55);
865 1022 995 1094 arguunt
1024 1018 1170 1094 plurimae

122 1123 271 1182 lectiones
293 1131 323 1181 et
343 1123 554 1201 correctiones3
577 1126 707 1199 arguunt
730 1122 837 1181 omnia.
882 1121 976 1182 Tanta
997 1127 1097 1182 autem
1118 1121 1171 1181 ille

121 1228 186 1285 fuit
214 1228 435 1288 existimatione
465 1228 545 1304 apud
574 1227 788 1288 Grammaticos
819 1227 965 1304 ornusque
995 1232 1107 1302 sectae,
1137 1232 1171 1287 ut

121 1330 176 1390 vel
204 1332 314 1391 omisso
342 1332 464 1391 nomine
493 1332 566 1391 satis
594 1332 780 1408 significatus
810 1331 964 1392 videretur
992 1332 1169 1407 legentibus.

121 1436 194 1494 Huc
215 1437 331 1496 accedit
352 1436 529 1512 gravissima
554 1438 642 1513 ratio,
672 1438 751 1514 quod
780 1455 887 1497 versus
916 1435 1029 1514 aliquot
1057 1435 1170 1514 simpli-

121 1541 203 1600 citer
232 1533 424 1622 ἦθετημένοι
454 1560 521 1602 esse
551 1543 709 1601 traduntur
730 1543 764 1600 in
787 1542 929 1616 Scholiis,
959 1546 991 1601 et
1020 1542 1053 1600 in
1084 1546 1171 1602 textu

122 1645 238 1705 codicis
260 1646 343 1705 obelo
366 1649 518 1721 notantur,
549 1665 624 1724 quos
650 1648 702 1706 alii
723 1648 880 1725 perspicue
902 1647 1025 1708 tradunt
1046 1649 1082 1707 ab
1104 1648 1170 1706 Ari-

123 1751 245 1810 starcho
267 1747 444 1832 notatos⁵⁶).
469 1746 473 1832 Ι
497 1752 633 1830 Denique
656 1752 729 1830 quid
754 1753 811 1812 hoe
832 1757 891 1828 eet,
921 1753 1000 1831 quod
1028 1757 1090 1813 tam
1112 1754 1171 1812 fre-
1180 1762 1229 1814 271

122 1961 216 2030 diple]
242 1961 474 2016 80101118138.
494 1961 553 2015 381.
573 1962 632 2016 382.
652 1963 686 2031 [β.
704 1963 764 2017 603.
783 1963 842 2018 631.
860 1962 921 2018 874.
942 1963 1011 2031 875]
1040 1963 1171 2032 (114911)

121 2068 146 2100 κ.
168 2049 210 2101 51.
231 2048 304 2117 52.*)
330 2069 360 2119 μ.
379 2050 439 2102 371.
463 2047 515 2116 (ὅτι
536 2050 747 2118 διεσκεύασται.)
781 2050 881 2104 0125.
911 2062 943 2119 ψ.
960 2051 1116 2106 259-261.
1141 2071 1170 2104 ω.

122 2136 234 2201 677.**)
255 2136 314 2189 778.
333 2136 427 2206 [Dipla
445 2139 472 2190 et
490 2137 605 2206 obelus]
639 2137 792 2208 Aliquoties
811 2139 877 2192 adeo
896 2138 990 2192 obelus
1007 2139 1112 2207 positis
1131 2140 1173 2192 est

123 2225 237 2278 confuse
256 2225 283 2277 et
300 2224 382 2292 falso,
407 2226 439 2277 ut
456 2225 507 2279 hac
527 2225 560 2278 de
579 2241 607 2278 ro
627 2226 785 2296 singulatim
804 2226 949 2280 dicendum
968 2226 1051 2281 sitin
1070 2226 1171 2280 descri-

124 2312 220 2381 ptione
239 2311 349 2366 codicis.

213 2399 258 2466 55)
285 2397 339 2452 Ubi
358 2398 443 2467 primo
463 2398 521 2454 loco
540 2400 735 2467 promittuntur
752 2401 783 2453 in
801 2399 918 2454 Scholiis
937 2400 970 2453 τὰ
984 2396 1172 2470 Ἀριστονίκου

124 2491 229 2555 σημεῖα
246 2489 292 2537 καὶ
310 2485 344 2537 τὰ
362 2487 493 2556 Διδύμων
511 2489 575 2556 περὶ
594 2495 649 2552 τῆς
666 2483 921 2557 Ἀρισταρχείου
947 2489 1170 2558 διορθώσεως.

214 2572 259 2639 56)
285 2571 356 2628 Satis
381 2572 432 2626 erit
449 2573 495 2626 hic
516 2589 622 2643 quoque
646 2574 733 2628 tribus
753 2573 885 2643 exemplis
913 2575 1032 2645 defungi.
1068 2575 1172 2629 Versus

124 2659 224 2728 Odyss.
245 2661 267 2712 l.
287 2659 346 2712 583.
365 2660 394 2712 in
412 2659 481 2713 Van.
500 2659 587 2715 Schol.
605 2660 638 2714 Il.
659 2660 742 2716 Catal.
762 2662 820 2715 104.
841 2659 924 2729 (597.)
947 2663 1063 2716 refertur
1082 2664 1116 2718 ad
1134 2663 1172 2714 τὰ

123 2747 212 2800 κατὰ
234 2746 295 2810 τὴν
319 2751 470 2800 Νεκυίαν
494 2749 703 2817 ἠσκημένα,
730 2750 834 2819 totique
857 2749 898 2802 illi
922 2749 981 2804 loco
1005 2750 1038 2803 de
1062 2751 1172 2806 Tantalo

124 2833 294 2902 adscriptum
318 2835 360 2887 est
382 2833 411 2886 in
435 2835 512 2888 codd.
534 2835 696 2904 quibusdam
714 2839 950 2892 ΝΟΘΕῩΕΤΛΙ.
986 2838 1044 2892 Iam
1068 2840 1172 2893 dudum

125 2939 160 2976 ex
178 2921 268 2976 Schol.
287 2921 364 2975 Pind.
388 2923 422 2976 ad
447 2921 553 2991 Olymp.
571 2923 597 2991 Ι,
617 2922 659 2976 97.
682 2923 814 2990 constitit,
840 2924 927 2976 κατὰ
944 2920 1172 2996 Ἀρίσταρχον

125 3009 217 3063 νόθα
241 3007 334 3062 εἶναι
357 3009 395 3060 τὰ
413 3009 474 3076 ἔπη
493 3019 606 3064 ταῦτα,
642 3010 846 3066 1110010136.
867 3011 949 3080 (529.)
975 3012 1076 3083 legitur
1099 3015 1171 3082 apud

125 3096 300 3150 Eustathium
323 3099 350 3150 et
367 3097 396 3150 in
414 3095 532 3152 Scholiis
551 3097 605 3166 [D.]
624 3099 679 3152 iam
697 3099 762 3154 olim
780 3099 874 3168 011110,
899 3100 972 3154 hunc
992 3102 1020 3154 et
1038 3101 1090 3155 duo
1109 3118 1171 3170 pro·

126 3185 215 3238 ximos
232 3185 497 3251 00100οἠ00ῆο0οι
513 3202 529 3240 0
545 3186 697 3254 nonnullis;
715 3187 745 3240 in
764 3188 894 3240 ἀθετοῦσι
914 3189 1069 3242 nominatur
1088 3187 1131 3256 [ad
1143 3206 1170 3242 v.

127 3271 195 3340 528.]
215 3272 375 3326 Zenodotus.
411 3271 465 3327 Sed
481 3274 515 3327 ad
530 3273 563 3326 11.
583 3295 601 3326 ι.
620 3274 679 3328 395,
700 3275 794 3328 eadem
814 3274 913 3330 Scholl.
938 3275 967 3327 in
989 3292 1043 3330 uno
1061 3275 1171 3330 illorum

127 3375 256 3413 versuum
271 3358 351 3427 plane
368 3359 433 3413 dant
450 3361 586 3414 auctorem
605 3361 705 3416 criseos
724 3363 924 3431 Aristarchum,
951 3362 1029 3432 quasi
1048 3381 1170 3433 παρακο-

127 3448 283 3499 λουθοῦντα
306 3446 463 3519 Θουκυδίδῃ
491 3447 528 3516 (1,
550 3449 595 3515 3.).
637 3447 717 3501 Nunc
742 3450 823 3504 etiam
850 3449 1034 3504 necessarium
1060 3466 1170 3504 versum

129 3531 224 3601 Odyss
253 3552 277 3585 ο.
297 3532 356 3586 344.
383 3533 416 3588 ab
441 3533 488 3588 illo
511 3536 634 3590 notatum
657 3534 786 3606 legimus;
815 3537 984 3605 addendique
1010 3539 1074 3590 sunt
1097 3537 1170 3592 haud

135 3646 338 3656 ——-————-

209 3705 237 3760 [')
252 3704 357 3747 Scholion
370 3717 414 3747 non
428 3705 538 3748 excidisse
553 3718 581 3749 ex
595 3707 692 3750 Bekkeri
706 3707 858 3761 Dindorfiique
873 3708 954 3750 Scholl.
970 3708 1077 3763 apparet]

201 3777 238 3830 [·“)
253 3777 334 3819 Obelus
348 3777 404 3819 falso
417 3777 507 3821 videtur
520 3791 534 3821 0
547 3779 684 3821 Villoisonio
698 3779 801 3833 appictus
815 3778 881 3832 esso]

171 3865 274 3908 uorfn
290 3867 453 3919 rroregomena.
482 3867 559 3910 neruo
573 3869 611 3910 ru.
956 3863 995 3918 14
