2980 4576
349 350 400 406 178
788 352 952 434 Ρωῐθεῡξξῑὶᾶ·

287 538 339 594 230
347 533 454 610 quibus
477 535 615 613 exemplo
636 528 843 612 praeceptoris
873 535 920 594 sui
942 534 1266 612 praestantissimorum
1289 535 1386 608 poeta-

346 655 414 696 rum
446 643 478 697 et
506 639 667 698 multarum
698 637 912 700 Grammatices
943 639 1073 717 partium
1103 637 1332 715 explicationem
1359 638 1388 694 et

347 759 504 802 censuram
525 743 700 820 complexus
722 747 797 816 erat,
825 742 886 802 iam
908 743 1022 803 dudum
1042 743 1085 802 ita
1106 741 1273 820 perierunt,
1295 745 1388 799 utne

346 846 471 906 formam
494 847 616 925 quidem
637 847 731 908 ullius
754 865 869 923 eornm,
891 866 990 926 neque
1013 866 1052 907 ex
1066 847 1142 924 ipsis
1157 845 1389 925 quaestionibus,

347 969 420 1029 quas
442 956 630 1028 mactaverat,
657 957 688 1012 et
710 952 819 1030 quibus
841 952 932 1012 etiam
954 971 1036 1012 nunc
1056 969 1165 1029 magna
1187 968 1256 1028 pars
1278 950 1390 1010 littera-

346 1060 431 1115 turae
453 1055 572 1132 nititnr,
595 1057 759 1134 quidquam
777 1061 896 1134 praeter
909 1056 1060 1134 dispersas
1076 1055 1219 1134 quasdam
1234 1060 1265 1115 et
1279 1054 1390 1114 misere

345 1159 489 1220 laceratas
512 1161 707 1221 sententiolas
736 1161 869 1239 reliquas
899 1162 1069 1222 habeamus.
1113 1161 1155 1220 Ut
1176 1178 1216 1220 ex
1236 1159 1274 1219 iis
1297 1159 1391 1232 librie,

347 1282 421 1342 quos
443 1265 647 1326 defendendae
674 1267 826 1342 analogiae
849 1284 939 1326 causa
960 1271 1063 1326 contra
1085 1265 1235 1328 Oratetem
1263 1267 1391 1344 scripse·

347 1374 407 1444 rat,
434 1370 596 1446 quantillae
625 1371 713 1430 hodie
742 1375 813 1430 sunt
841 1371 987 1448 reliquiae
998 1366 1037 1452 9)1
1082 1370 1288 1434 Illustraverat
1310 1371 1392 1431 idem

346 1473 570 1549 Archilochum,
600 1475 758 1550 Alcaeum,
788 1475 1022 1551 Anacreontem,
1051 1476 1250 1552 Aeschylum,
1278 1475 1392 1554 Sopho

347 1578 438 1653 clem,
472 1578 591 1654 Ionem,
635 1579 812 1654 Pindarum,
849 1579 1094 1658 Aristophanem,
1129 1581 1269 1655 Aratum,
1307 1581 1392 1640 alios.

347 1682 462 1742 Homm
478 1688 593 1759 partem
613 1702 683 1743 cum
713 1684 789 1761 ipsis
813 1683 1042 1745 Commentariis
1071 1691 1154 1745 aetas
1175 1685 1270 1746 ldusis
1292 1685 1393 1744 invisa

348 1787 486 1864 abstdit3
510 1787 548 1846 ad
563 1787 666 1866 plures
681 1806 797 1863 eorum,
820 1789 872 1866 qui
887 1793 1023 1864 exstant,
1045 1789 1123 1848 nihil
1138 1794 1288 1868 superest,
1311 1795 1392 1850 certe

348 1891 428 1968 quod
449 1897 565 1952 constet
586 1892 669 1952 illius
692 1909 775 1970 esse3
805 1893 843 1953 ad
871 1893 1015 1969 Lyricum
1041 1893 1163 1971 quidem
1185 1899 1215 1954 et
1237 1894 1393 1954 Oomicnm

347 1995 474 2073 aliquid,
506 1997 559 2057 sed
581 1997 659 2056 nihil
680 1997 784 2072 adid,
819 1999 898 2076 quod
928 1999 1000 2058 011111
1028 1999 1133 2059 dierat
1179 1997 1277 2074 Quid?
1314 1998 1393 2078 qnod

347 2102 523 2160 recensionem
556 2101 622 2161 eius
656 2099 832 2161 Heracleam
865 2102 1024 2162 admodum
1062 2120 1159 2182 nuper
1192 2109 1254 2164 tam
1284 2122 1393 2182 parum

349 2222 504 2281 noramus,
526 2209 575 2280 ut,
599 2211 747 2283 quatenus
769 2207 844 2266 haec
856 2207 978 2283 vulgata
999 2212 1101 2268 nostra
1122 2208 1160 2267 ad
1183 2227 1248 2268 eam
1270 2209 1393 2269 aceede·

289 2317 338 2373 231
348 2314 407 2384 ret,
428 2328 446 2369 a
466 2309 539 2370 viris
561 2310 656 2370 doctis
678 2311 789 2370 frustra
809 2317 1009 2389 quaereretur.
1050 2313 1106 2372 Oui
1128 2313 1297 2391 quaestioni
1315 2310 1319 2395 1
1337 2313 1394 2374 etsi

348 2431 388 2474 ne
411 2433 494 2474 nunc
521 2413 642 2493 quidem
673 2415 813 2477 satisfieri
841 2435 858 2476 0
887 2417 973 2477 nobis
995 2421 1109 2494 potest,
1138 2422 1240 2478 tamen
1261 2417 1394 2478 Veneto

349 2537 416 2577 rum
439 2518 625 2580 Scholiorum
656 2521 799 2581 beneficio
830 2525 875 2580 tot
905 2525 1064 2600 tantaeque
1095 2522 1261 2583 Aristarchi
1288 2524 1393 2601 copiae

350 2628 524 2699 patuerunt,
554 2628 588 2683 ut
617 2625 644 2684 10
673 2643 753 2685 unns
786 2625 872 2685 nobis
902 2626 971 2703 plus
994 2626 1092 2704 operis
1113 2627 1269 2704 praebeat,
1304 2645 1394 2705 quarn

349 2727 426 2786 alius
448 2728 607 2805 quisquam
629 2729 895 2790 Grammaticorum
918 2729 1107 2791 Graecorum.
1153 2728 1218 2805 Qua
1244 2731 1278 2790 in
1302 2733 1394 2792 abun·

349 2831 450 2892 dantia
471 2834 613 2894 materiae
634 2834 691 2895 hoc
716 2835 781 2894 1000
800 2835 854 2894 uix
875 2835 1052 2912 gravissima
1074 2854 1210 2914 quaeque
1235 2837 1394 2915 complecti

349 2954 451 3011 conor,
485 2937 558 2997 satis
583 2939 755 3015 habiturus,
790 2940 816 2998 01
838 2940 978 3030 universe
1011 2941 1157 3018 quaedam
1183 2943 1393 3019 percurrendo,

351 3041 619 3119 observationibus,
640 3044 678 3102 ad
693 3045 829 3121 singulos
843 3045 924 3105 locos
943 3044 1066 3106 Homeri
1088 3047 1264 3121 afferendiS,
1286 3047 1393 3106 idonea

351 3146 545 3207 fundamenta
566 3147 671 3208 iecere.
1259 3144 1262 3149 ’

351 3275 554 3287 ----

442 3355 470 3422 9)
495 3354 566 3409 Vide
590 3354 668 3410 Varr.
691 3356 724 3410 de
748 3355 778 3410 L.
804 3357 834 3410 L.
857 3355 918 3410 VH.
944 3373 969 3425 p.
995 3357 1053 3410 119.
1078 3357 1136 3410 121.
1164 3357 1255 3426 wffl,
1282 3358 1326 3412 63.
1352 3357 1392 3412 68.

351 3440 456 3510 Muell]
478 3441 554 3496 VIII.
576 3460 615 3511 pr.
639 3459 665 3512 p.
686 3442 744 3498 126.
771 3445 829 3498 151.
852 3442 917 3513 ΠΧ,
943 3446 966 3495 1.
986 3443 1041 3513 un]
1066 3443 1116 3498 lX.
1141 3461 1166 3512 p.
1187 3444 1245 3498 170.
1271 3445 1320 3514 [X,
1339 3443 1392 3512 42.]

352 3529 448 3584 collato
472 3529 558 3584 Gellio
582 3529 623 3595 H,
647 3530 688 3584 25.
724 3530 785 3585 11110
810 3531 879 3586 10010
904 3531 928 3584 01
955 3531 1091 3586 addideris
1111 3530 1239 3597 Quinctil.
1263 3532 1285 3601 1,
1304 3533 1330 3600 4,
1352 3532 1391 3586 20.

352 3614 455 3671 Charis.
465 3616 486 3672 I.
500 3634 526 3685 p.
540 3616 582 3671 94.
595 3616 632 3686 [p.
641 3618 699 3670 117.
712 3616 796 3686 Keil]
809 3618 940 3673 Priscian.
954 3615 1043 3672 XVII.
1057 3636 1082 3687 p.
1095 3618 1171 3673 1065.
1186 3618 1262 3673 1106.
1271 3618 1392 3686 Putsch,

352 3702 389 3772 [p.
409 3703 467 3756 144.
493 3703 551 3758 198.
575 3703 679 3772 Horta]
702 3704 814 3760 habebis
838 3705 942 3774 omnia,
966 3721 1036 3775 quae
1053 3704 1143 3760 Latini
1166 3723 1200 3760 ex
1223 3706 1274 3761 hoc
1296 3722 1392 3777 genere

353 3795 552 3846 conseruerunt.
