2984 4580
312 329 363 382 216
761 326 923 379 Prolegonene.

310 530 391 586 rum,
415 512 452 572 de
475 510 615 589 Apolline
634 511 739 570 eodem
761 529 796 570 ae
818 510 900 585 Sole,
923 511 961 570 de
983 510 1133 586 Vulcano,
1156 510 1359 589 experimenti

311 616 430 693 physici
460 635 549 676 eausa
577 617 610 674 iu
638 615 789 675 Lemnum
817 615 1025 693 praecipitato,
1055 616 1093 676 de
1122 616 1247 676 oultiore
1276 617 1359 676 vietu

310 722 436 781 heroum
464 716 583 801 01099).
628 721 673 780 De
697 721 807 798 quibus
828 721 919 780 rebus
941 721 1080 780 omnibus
1102 722 1131 781 si
1152 740 1213 781 non
1234 721 1359 782 meliora

311 826 411 886 doouit
432 825 484 900 iis,
508 827 637 903 quaein
658 825 792 901 margine
814 827 1058 899 commonstrari,
1088 844 1139 885 eas
1161 844 1209 886 res
1233 826 1358 886 01100011-

311 932 364 991 dos
387 949 442 990 nos
465 930 574 990 Vossio
597 934 697 990 nostro
719 930 886 1006 tradamus,
912 931 1078 991 Crateteam
1099 931 1276 1008 sapientiam
1297 951 1359 990 non

311 1035 526 1096 desideremus.
563 1035 669 1112 Neque
693 1053 763 1096 vero
786 1054 857 1096 eum
878 1037 991 1095 reetius
1012 1041 1165 1096 versatum
1188 1055 1255 1100 esse
1271 1037 1359 1096 video

310 1143 343 1201 in
366 1141 558 1218 grammatica
587 1141 799 1218 explicatione,
829 1142 1000 1218 ubieunque
1031 1141 1205 1202 dissentiret
1234 1144 1271 1201 ab
1292 1142 1359 1200 Ari-

312 1248 441 1321 starcho,
464 1246 496 1306 id
518 1246 597 1325 quod
618 1246 707 1322 longe
730 1247 849 1324 saepius
870 1247 984 1306 foetum
1006 1251 1092 1322 puto,
1116 1265 1205 1324 quarn
1224 1251 1358 1306 notatim

311 1346 521 1432 reperiturw).
568 1350 744 1428 Quanquam
772 1352 828 1411 hoe
850 1351 883 1410 in
902 1369 1014 1427 genere
1033 1351 1172 1410 nonnihil
1191 1356 1250 1426 est,
1279 1353 1360 1430 quod

252 1459 303 1514 280
311 1463 466 1534 receptum
500 1451 504 1537 Ι
538 1457 686 1533 hodieque
719 1457 830 1532 placet,
862 1462 893 1516 et
921 1457 958 1516 ab
989 1456 1110 1533 optimis
1144 1457 1361 1532 interpretibus

311 1558 543 1644 defenditurflt
588 1561 726 1640 Denique
749 1563 895 1640 quomodo
915 1581 948 1622 se
968 1563 1102 1622 tractarit
1123 1562 1156 1622 in
1176 1563 1267 1622 variis
1289 1581 1357 1639 par-

311 1667 392 1727 tibus
421 1666 518 1726 eritiei
547 1667 694 1742 muneris,
726 1667 804 1745 quod
835 1668 925 1727 etiam
954 1669 987 1727 in
1016 1668 1147 1728 Hesiodo
1178 1673 1361 1743 susceperat,

311 1772 412 1832 minus
432 1771 621 1848 exploratum
639 1772 783 1832 habemus
805 1777 927 1850 propter
942 1773 1123 1851 paucitatem
1137 1772 1244 1832 talium
1262 1772 1359 1850 speei-

311 2031 440 2098 anquam
467 2028 594 2097 princeps
624 2029 789 2082 memoretur
816 2044 922 2097 eorum,
950 2028 998 2098 qui
1023 2029 1072 2094 τὴν
1097 2023 1218 2102 Ὁμήρου
1243 2033 1363 2095 ποίησιν

311 2119 382 2190 πρὸς
395 2115 672 2184 ἐπιστημονικὰς
692 2116 881 2175 ὑποθέσεις
898 2115 1026 2190 ἔτρεψαν.
1056 2117 1088 2170 111
1107 2117 1266 2171 transcursu
1278 2117 1362 2173 etiam

311 2204 387 2258 illius
410 2219 509 2272 unum,
535 2204 606 2272 quod
632 2205 769 2272 superest,
798 2203 953 2272 exemplum
976 2205 1077 2264 λύσεως
1101 2205 1245 2258 afferemus
1269 2205 1302 2258 de
1327 2204 1362 2259 Π.

313 2308 337 2348 o.
358 2292 416 2346 192.
447 2291 490 2346 Ibi
509 2291 581 2360 qued
598 2291 721 2346 Achilles
739 2294 821 2360 negat
839 2308 868 2346 se
886 2308 1006 2360 pugnare
1018 2308 1110 2360 posse,
1131 2293 1196 2361 quia
1212 2309 1287 2348 arma
1305 2292 1360 2346 sibi

311 2380 401 2435 ablata
420 2381 524 2441 essent,
549 2391 637 2452 neque
656 2379 740 2433 ullius
760 2378 864 2448 herois,
888 2379 943 2434 nisi
962 2381 1030 2434 forte
1048 2380 1152 2448 Aiacis,
1177 2383 1240 2449 apta
1257 2381 1359 2448 iubare,

312 2467 477 2537 quaerebant
493 2467 662 2528 ἐνστατικοί,
686 2483 734 2521 eur
756 2483 810 2520 non
828 2483 904 2522 erma
919 2467 1038 2522 Patrooh'
1058 2468 1232 2536 sumpsisset,
1257 2467 1360 2536 aliique

312 2554 365 2609 aiio
382 2547 460 2629 modo
479 2571 590 2624 gravem
607 2553 713 2608 scilieet
732 2553 918 2608 difficultatem
931 2554 1068 2609 tollebant.
1099 2554 1153 2609 Hie
1166 2555 1258 2610 Crates
1270 2555 1359 2623 finxit,

314 2628 430 2709 (11111111.ι
447 2641 571 2711 inquam:
601 2659 664 2696 nam
691 2641 740 2695 ubi
767 2641 902 2695 Homerus
929 2643 1093 2711 strategema
1120 2641 1189 2696 illud
1223 2643 1257 2697 ad
1285 2643 1360 2696 hune

312 2728 423 2783 modum
441 2729 641 2798 persequami)
678 2727 796 2783 Patrocli
815 2745 890 2783 erma
911 2729 967 2783 iem
985 2728 1209 2784 Automedontem
1226 2729 1358 2784 induisse.

312 2817 374 2872 Non
399 2815 471 2870 vidit
485 2832 559 2885 ergo
580 2815 626 2870 'vir
650 2815 788 2884 acutulus,
814 2816 847 2870 de
871 2815 976 2885 integro
1000 2815 1056 2870 iem
1081 2816 1265 2885 quaerendum
1291 2833 1358 2885 esse,

313 2921 362 2959 eur
379 2920 434 2958 non
451 2903 572 2958 thiiles
591 2903 707 2973 denique
720 2903 928 2958 Automedontis
946 2903 1093 2971 induisset,
1114 2903 1168 2958 sibi
1186 2919 1272 2973 aeque
1290 2905 1359 2958 bene

314 3007 431 3046 sessura.

399 3080 445 3146 69)
471 3078 542 3133 Vide
566 3077 702 3134 Heraoiid.
722 3078 809 3149 Aileg.
828 3078 907 3134 Hom.
928 3078 1118 3134 0211901101.
1143 3081 1178 3134 ad
1195 3079 1228 3133 11.
1254 3094 1280 3134 a.
1299 3080 1357 3134 239.

312 3167 435 3222 Eustath.
454 3184 480 3236 p.
496 3166 573 3221 1140.
591 3167 634 3220 47.
652 3184 678 3235 p.
698 3165 774 3220 1803.
801 3167 825 3220 1.

401 3272 446 3339 70)
472 3272 543 3326 Vide
561 3271 648 3327 Streb.
666 3271 716 3327 IX.
735 3290 761 3341 p.
779 3272 840 3326 439.
860 3271 943 3340 (670.)
963 3271 1051 3326 Sehol.
1074 3271 1130 3341 [Β]
1150 3273 1184 3327 ad
1202 3271 1234 3325 11.
1255 3291 1280 3324 α.
1299 3272 1357 3327 591.

314 3361 374 3416 0011.
399 3360 522 3414 Eusiath.
548 3377 574 3428 p.
594 3359 670 3414 1003.
696 3358 738 3413 38.
758 3359 856 3414 Sabell.
881 3360 916 3414 ad
942 3379 959 3410 ι.
980 3359 1039 3413 169.
1063 3378 1087 3412 ν.
1107 3358 1167 3413 358.
1194 3358 1250 3428 [Β.]
1277 3362 1298 3419 ξ.
1317 3360 1356 3412 31.

314 3464 369 3517 seq.
394 3457 425 3516 ψ.
445 3447 504 3501 679.
525 3447 646 3516 Apellen.
669 3447 734 3501 Lex.
760 3464 786 3501 v.
806 3449 900 3521 πλωτῇ
924 3447 959 3501 ad
982 3445 1080 3516 Odyss.
1104 3465 1128 3498 x.
1145 3446 1170 3500 3.
1207 3444 1296 3501 SehoL
1319 3439 1356 3500 br.

314 3535 375 3605 [11.]
397 3537 432 3590 aa
449 3555 479 3605 μ.
498 3535 540 3589 61.
566 3537 594 3588 a
610 3534 733 3589 amun.
758 3535 792 3590 aa
817 3537 837 3595 ξ.
855 3534 897 3587 12.
921 3554 944 3590 ι.
963 3533 1021 3588 229.
1046 3534 1134 3602 atym.
1154 3531 1190 3588 n.
1209 3551 1235 3602 p.
1253 3533 1313 3587 634.
1332 3531 1356 3586 s.

261 3659 264 3665 ·
315 3625 352 3692 [v.
367 3621 520 3698 ὀρσοθύρη]
534 3625 585 3678 eto.
605 3622 694 3677 Semel
705 3623 832 3678 laudatur
844 3622 886 3676 Gr.
900 3623 930 3676 ἐν
938 3616 945 3635 ‘
953 3625 1104 3691 Ομηρικοῖς
1115 3621 1144 3674 in
1157 3620 1245 3676 Sohol.
1264 3641 1288 3674 0.
1301 3621 1357 3674 193.

402 3711 446 3779 71)
465 3711 536 3764 Vide
553 3711 593 3764 br.
613 3710 702 3766 Sohol.
721 3711 755 3765 ad
774 3711 869 3780 odyss.
889 3729 914 3762 α.
927 3709 986 3764 320.
1006 3709 1065 3764 0011
1083 3709 1173 3779 Etym.
1192 3708 1227 3763 Μ.
1243 3708 1301 3762 111.
1314 3708 1354 3761 21.

316 3797 354 3866 [v.
374 3798 518 3867 dodanta]
555 3797 817 3867 8011011111χ.188.
839 3800 867 3852 01
884 3797 1008 3852 Eustath.
1028 3815 1054 3867 p.
1073 3796 1150 3851 1924.
1169 3796 1210 3849 11.
1230 3798 1281 3850 ete.
