3048 4588
342 353 376 408 66
784 356 947 409 Prolegomeua.

342 532 469 594 Scholiis
491 536 601 596 nostris
623 537 806 614 comparanti
828 538 908 598 haud
930 555 1018 615 aegre
1032 539 1242 616 persuadeam,
1264 529 1386 599 niveae

341 635 481 699 πτυκτὸν
502 642 539 700 ab
568 641 631 701 illis
652 642 787 702 habitum
816 661 884 703 esse
911 644 1043 720 ligneam
1064 649 1192 703 bremam
1214 644 1263 704 vel
1283 645 1386 720 syceo-

333 744 397 824 [αα
419 745 565 824 aliquem,
596 747 648 824 qui
674 751 761 807 notas
782 747 950 808 mortiferas
970 749 1038 807 rudi
1060 753 1123 808 arte
1146 749 1257 808 incisas
1275 751 1385 809 habue-

297 845 331 899 87
340 848 380 908 rit
390 844 442 931 49).
473 850 517 911 De
532 851 633 911 tabula
647 845 754 932 celrata
769 853 900 928 cogitare
914 854 967 911 vix
983 853 1056 912 sinit
1070 854 1255 913 consuetudo
1271 859 1384 931 poetae,

340 954 529 1016 artificiosam
563 956 709 1016 eiusmodi
743 975 864 1035 operam
897 958 996 1036 aliquo
1024 964 1105 1018 certe
1136 959 1269 1035 epitheto
1291 959 1386 1019 aliave

339 1058 504 1120 adiectione
527 1061 668 1122 ornaturi.

819 1193 903 1260 XX.

427 1313 521 1374 Docet
541 1333 612 1391 ergo
633 1314 766 1375 locorum
785 1316 907 1376 illorum
931 1316 1105 1394 explicatio,
1141 1335 1201 1376 non
1232 1337 1272 1376 ex
1298 1336 1386 1395 pere-

340 1419 434 1495 grinis
457 1419 647 1497 opinionibus
665 1425 795 1498 captata,
821 1422 874 1482 sed
889 1421 1027 1481 instituta
1046 1421 1207 1498 diligenter
1222 1440 1261 1482 ex
1274 1422 1385 1482 Home-

339 1523 418 1583 ricae
441 1525 581 1584 orationis
604 1526 801 1603 proprietate,
824 1526 1008 1586 mentionem
1031 1526 1195 1602 scripturae
1219 1528 1252 1585 in
1266 1527 1305 1587 iis
1319 1527 1386 1586 fieri

339 1629 460 1688 nullam.
504 1631 549 1689 Ac
568 1630 699 1707 profecto
722 1631 748 1690 si
776 1631 863 1691 aliter
893 1649 925 1690 se
955 1649 1004 1690 res
1022 1631 1145 1690 haberet
1166 1631 1200 1689 in
1222 1631 1385 1708 posteriore

339 1733 419 1809 loco,
441 1751 501 1792 non
523 1738 636 1795 temere
658 1735 685 1796 is
708 1735 798 1795 alicui
821 1736 986 1813 suspicioso
1008 1735 1206 1812 interpolatus
1221 1735 1271 1795 vel
1284 1735 1386 1813 aliquo

338 1839 426 1898 modo
447 1839 570 1899 vitiatus
602 1840 697 1900 rideri
730 1845 862 1918 posset·
886 1839 969 1914 Quae
1003 1841 1135 1918 suspicio
1164 1859 1258 1918 quum
1286 1841 1385 1918 ipsam

424 2004 470 2072 49)
490 2001 578 2057 Schol.
597 2002 661 2057 (lod.
680 2003 712 2057 Α.
730 2003 804 2056 adv.
820 2001 877 2056 169.
910 2002 1023 2072 Γραψαι
1050 2001 1109 2054 tert
1143 2003 1175 2054 τὸ
1202 2005 1289 2063 ξέσαι·
1323 1997 1386 2058 οἷον

337 2087 388 2144 οὖν
408 2091 560 2162 ἐγχαράξας
577 2090 713 2154 εἴδωλα,
742 2088 788 2142 δι’
809 2079 853 2143 ὧν
879 2089 953 2142 ἔδει
980 2090 1108 2158 γνῶναι
1132 2089 1190 2142 τὸν
1209 2091 1385 2161 πενθερὸν

337 2179 396 2230 τοῦ
423 2182 586 2248 Προίτου.
632 2177 843 2232 Circumlocutio
870 2178 938 2232 haec
966 2178 1008 2231 est
1037 2176 1127 2246 verbi,
1156 2178 1228 2246 quod
1260 2178 1383 2248 Apollod.

336 2266 472 2335 adhibuit,
497 2266 679 2336 ἒπιγνοῠςς
700 2267 733 2318 ut
754 2265 930 2335 perspicuum
948 2263 998 2334 sit,
1022 2265 1135 2319 eandem
1157 2267 1302 2335 utrumque
1321 2283 1383 2320 sen-

336 2353 449 2408 tentiam
466 2353 551 2423 sequi.
588 2353 711 2408 Eustatlr.
731 2353 749 2408 l.
768 2371 791 2409 c.
810 2353 966 2424 Εὐριπίδης
992 2371 1049 2404 που
1071 2352 1104 2404 τὰ
1120 2347 1255 2423 Ὁμηρικὰ
1273 2355 1385 2424 σήματα

336 2444 376 2501 εἰς
392 2443 544 2511 ξύμβολα
561 2441 722 2511 μεταλαβών
741 2454 825 2510 φησι·
845 2441 968 2500 Ξένοις
985 2457 1018 2492 τε
1038 2442 1192 2511 πέμπειν
1211 2441 1383 2509 σύμβολα,

338 2529 369 2580 οἳ
388 2529 563 2598 σράσουσί
580 2528 604 2581 σ’
624 2525 667 2581 εὖ.
693 2527 800 2596 (Medea
818 2546 844 2583 r.
863 2528 934 2594 613.)
971 2527 1041 2581 Mihi
1066 2528 1126 2581 veri
1148 2528 1286 2596 persimile
1304 2529 1384 2583 vide-

335 2617 394 2684 tur,
412 2615 468 2670 iam
485 2617 546 2670 turn
563 2616 635 2669 inter
651 2617 778 2686 cognatos
797 2615 946 2670 obtinuisse
965 2616 1042 2669 notas
1061 2615 1191 2683 quasdam
1209 2616 1382 2684 symbolicas,

336 2701 436 2772 quibus
460 2703 494 2756 de
516 2701 658 2755 imbellis
679 2700 849 2768 pravissimis
873 2699 955 2754 rebus
977 2717 1057 2756 sensa
1081 2701 1233 2756 animorum
1255 2702 1327 2756 inter
1352 2719 1382 2756 se

336 2788 577 2860 communicarent,
606 2789 636 2842 in
653 2789 803 2859 primisque
832 2789 884 2844 hoc
909 2805 993 2860 genus
1023 2789 1217 2859 συμοφθόρων
1241 2791 1382 2858 σημάτων,

335 2877 478 2932 inventum
496 2880 608 2932 fortasse
626 2894 658 2932 ea
676 2879 776 2947 aetate,
796 2893 850 2947 qua
862 2877 976 2931 ultionis
990 2876 1114 2930 caedium
1129 2879 1156 2930 et
1174 2876 1383 2931 inimicitiarum

335 2965 395 3020 dira
422 2965 536 3021 saevitia
562 2966 681 3036 vigebat.
718 2965 771 3021 Sed
798 2966 866 3019 baec
897 2963 1052 3018 accuratius
1076 2963 1237 3033 explicanda
1261 2967 1326 3018 sunt
1352 2966 1383 3018 in

334 3053 466 3124 singulari
484 3053 641 3123 quaestione
659 3054 692 3107 de
705 3051 834 3121 symbolis
846 3057 972 3106 veteram.
1008 3051 1123 3105 interim
1136 3051 1273 3105 neminem
1286 3052 1382 3121 poeni-

333 3142 402 3196 tebit
429 3157 584 3211 comparare
609 3141 711 3195 similia
729 3141 801 3210 apud
823 3140 976 3194 Merianum
998 3138 1153 3208 [Memoires
1173 3139 1206 3192 de
1223 3137 1381 3194 l'aoademie

333 3229 433 3298 royale.
469 3229 563 3284 Berlin
582 3229 670 3297 mea]
689 3246 714 3298 p.
734 3227 793 3282 523.
808 3244 879 3297 sqq.,
907 3226 1055 3296 inquibus
1076 3227 1159 3281 etiam
1178 3229 1253 3280 sunt.
1267 3227 1381 3282 facetis-

334 3317 404 3372 sima
429 3318 509 3372 haec:
543 3316 595 3386 „Si
622 3316 644 3371 c'
663 3314 729 3371 etoit
754 3316 781 3370 lb
811 3315 1018 3370 ventablement
1049 3331 1103 3368 une
1130 3314 1209 3368 lettre
1236 3313 1318 3369 ecrite
1345 3334 1381 3371 en

334 3403 483 3460 caracteres
502 3404 676 3473 d'Alphabet,
696 3403 769 3457 -il
787 3404 870 3458 seroit
889 3402 1085 3458 extrimement
1109 3401 1253 3472 singulier,
1279 3403 1381 3473 qu'une

333 3493 474 3547 invention
486 3492 510 3546 si
522 3492 591 3546 utile
603 3494 630 3546 et
642 3490 689 3546 des
697 3492 767 3546 -lors
780 3491 804 3545 si
817 3507 929 3561 connue,
943 3490 989 3544 erit
1000 3491 1112 3560 disparu
1124 3490 1197 3543 deux
1208 3489 1380 3560 gintrations

334 3578 425 3650 apres,
452 3581 519 3656 dans
548 3581 596 3634 des
624 3581 810 3649 conjonctures
838 3579 874 3634 ori
898 3595 946 3634 son
963 3594 1047 3648 usage
1066 3577 1194 3632 devenoit
1220 3577 1301 3633 d’une
1318 3581 1381 3634 tout

334 3670 409 3722 autre
430 3667 606 3737 importance.
644 3667 682 3721 N'
700 3665 836 3720 itoit-ellc
859 3665 930 3719 donc
952 3665 1038 3719 berrae
1062 3681 1112 3733 quc
1133 3681 1206 3734 perir
1224 3664 1269 3720 des
1289 3666 1380 3720 lettres

334 3754 367 3807 dc
385 3754 642 3820 recommendatam,
666 3755 713 3822 qui
732 3754 867 3808 tendeieat
884 3754 903 3807 ὰ
919 3753 993 3822 faire
1010 3751 1123 3808 decons·
1139 3753 1178 3806 les
1195 3769 1261 3821 pens
1274 3769 1332 3821 par
1350 3754 1380 3807 lc

335 3841 499 3896 Obimire?“
