3048 4588
607 357 771 411 Prologomena.
1189 357 1220 410 11

178 541 314 604 codicum
335 543 500 621 scripturis.
546 540 657 615 Quidni
678 545 780 600 autem
800 540 876 600 illud
886 541 978 600 unius
992 539 1116 600 Homeri
1129 539 1224 616 gratia

178 664 285 723 operae
300 648 432 722 pretium
447 649 505 708 sit?
528 647 646 725 quando
665 647 790 705 aliorum
806 646 949 705 librorum
963 650 1112 719 veterum,
1128 661 1224 704 sacro-

177 771 247 811 rum
268 752 404 829 quidem,
432 753 535 812 critica
566 751 725 811 illustratio
750 751 909 810 admodum
936 768 1033 827 nuper
1066 755 1111 810 tot
1132 767 1225 827 equos

177 857 258 916 viros
281 857 431 933 exercuit,
458 857 540 933 ipsos
568 857 642 916 adeo
664 857 801 933 Europae
828 857 905 916 fines
928 873 1065 932 egressa,
1095 859 1225 914 tantum-

178 979 236 1038 que
258 962 359 1020 hausit
380 979 584 1037 nummorum,
613 979 739 1038 quorum
767 961 856 1020 tertia
875 965 959 1036 parte
981 977 1096 1037 pauper
1115 958 1225 1018 Homo-

178 1083 230 1125 rus
257 1071 415 1126 contentus
443 1071 531 1127 esset.
576 1065 665 1126 Nunc
693 1066 745 1126 ille
775 1066 872 1124 adhuc
900 1065 1115 1125 Kennicottum
1136 1081 1225 1124 suum

179 1176 349 1248 exspectat,
378 1177 412 1231 ut
435 1171 565 1249 denique
588 1177 717 1247 constet,
749 1171 822 1249 quid
852 1171 972 1230 omnino
999 1171 1032 1228 in
1062 1169 1225 1246 deperditis

178 1277 412 1353 numerandum,
439 1277 526 1337 cuius
556 1277 655 1337 adhuc
683 1275 770 1354 quasi
798 1294 838 1336 ex
860 1275 1032 1353 quisquiliis
1051 1273 1224 1334 corradendi

178 1399 248 1458 spes
268 1382 385 1460 reliqua
407 1383 455 1442 sit.

679 1619 724 1684 V.

267 1803 422 1879 (laudabo,
458 1805 484 1864 si
518 1804 614 1863 falsus
645 1803 743 1862 fuero:
774 1803 851 1862 mihi
882 1821 952 1864 vero
981 1804 1093 1880 paratis
1120 1804 1225 1880 opibus

179 1909 430 1988 acquiescendum
444 1911 573 1987 putanti,
594 1928 688 1987 quum
703 1907 854 1984 Odysseae
876 1903 880 1989 1
902 1914 1019 1969 tantum
1032 1927 1124 1970 novos
1146 1908 1225 1968 codi-
1235 1918 1269 1974 16

178 2034 229 2076 ces
252 2033 442 2093 quaererem,
477 2015 579 2075 statim
598 2016 635 2074 ab
658 2031 692 2074 eo
714 2019 863 2091 tempore,
896 2033 954 2092 quo
979 2019 1066 2093 potita
1094 2016 1226 2093 primum

178 2122 211 2180 in
240 2121 296 2180 hac
328 2121 402 2181 urbe
431 2120 501 2180 usui
533 2119 701 2179 scholarum
734 2125 901 2196 aptaretur,
932 2122 998 2197 ipsa
1031 2125 1104 2181 tunc
1138 2139 1226 2182 omae

178 2245 262 2286 meae
283 2225 434 2286 festinatio
456 2225 673 2302 quodammodo
700 2225 827 2284 extorsit
849 2226 905 2285 hoc
923 2226 1057 2299 consilii,
1087 2231 1122 2286 ut
1144 2225 1224 2286 colli-

178 2331 291 2407 gendo,
324 2330 522 2408 quodcunque
555 2335 658 2390 textus
691 2331 856 2390 rationibus
892 2330 954 2390 ullo
990 2330 1076 2390 modo
1109 2332 1225 2408 profore

177 2437 346 2511 rideretur,
370 2441 490 2495 strenue
513 2447 562 2494 me
583 2435 718 2495 adhunc
738 2436 921 2496 recensionis
935 2435 1066 2496 laborem
1080 2454 1225 2513 pararem.

179 2540 332 2618 Quidquid
353 2541 469 2600 interea
501 2541 563 2616 egi,
599 2541 657 2599 etsi
690 2540 835 2599 nonnulla
867 2558 915 2600 me
948 2541 1020 2600 satis
1049 2545 1226 2617 occupatum

177 2647 333 2721 tenebant,
368 2645 540 2705 subsecivae
572 2662 679 2721 operae
708 2645 845 2722 fuerunt3
880 2645 1045 2705 Homerum
1072 2664 1226 2722 nunquam

177 2752 230 2811 diu
252 2769 293 2811 ex
314 2751 413 2809 animo
434 2754 465 2810 et
494 2755 657 2826 conspectu
685 2751 780 2808 amisi.
825 2749 902 2809 Nam
932 2750 1061 2826 plurima
1089 2751 1227 2810 ridebam

176 2857 252 2914 mihi
272 2874 334 2915 non
357 2855 454 2915 solum
478 2854 646 2931 colligenda
669 2855 722 2914 sed
744 2855 835 2914 etiam
855 2855 997 2916 discenda
1019 2861 1049 2916 et
1071 2857 1108 2915 ab
1130 2856 1226 2916 initiis

176 2961 386 3037 pertractanda
408 2977 489 3035 esse,
511 2960 622 3038 quippe
646 2961 699 3037 qui
720 2965 799 3036 tum,
831 2979 925 3038 quum
945 2961 1077 3038 primum
1097 2961 1225 3037 ederem,

177 3067 293 3125 doctam
315 3063 590 3142 interpretationem
619 3065 671 3123 vix
693 3065 868 3141 attigissem.
913 3066 1018 3144 Itaque
1044 3083 1170 3126 exorsus
1190 3068 1226 3127 ab

175 3169 348 3244 Eustathio,
382 3169 606 3245 grammaticam
635 3175 751 3245 partem
788 3170 854 3230 eius
892 3170 1053 3248 diligenter
1089 3173 1225 3250 excussi;

175 3293 246 3334 mox
268 3274 408 3350 excerpsi
429 3274 589 3350 lectiones,
618 3292 692 3352 quas
722 3274 775 3334 ille
798 3277 903 3334 autin
925 3276 1057 3352 vulgatis
1079 3277 1226 3354 exemplis

177 3381 256 3456 suis,
279 3380 387 3439 autin
408 3379 595 3455 marginibus
619 3397 737 3455 eorum,
767 3380 817 3440 rel
838 3380 911 3439 alibi
933 3381 1081 3457 reperisse
1105 3400 1138 3442 se
1159 3401 1226 3458 pro-

176 3486 268 3546 deret.
314 3484 449 3543 Adiunxi
472 3483 595 3558 deinde,
617 3489 737 3561 praeter
758 3490 855 3545 astera
877 3490 942 3544 tum
964 3486 1086 3562 vulgata
1100 3485 1225 3562 Scholia,
1294 3537 1295 3544 ,

175 3590 287 3649 bonum
309 3606 469 3648 numerum
483 3587 664 3646 variantium
679 3594 709 3648 et
723 3595 861 3649 notarum
879 3590 976 3650 critici
995 3591 1129 3666 generis,
1152 3610 1226 3668 quas
1294 3619 1295 3626 ¹

175 3694 250 3752 milri
288 3693 347 3752 duo
383 3709 465 3750 nunc
498 3690 746 3752 desideratissimi
779 3693 868 3753 amici
904 3712 944 3753 ex
977 3694 1040 3753 cod.
1072 3694 1226 3772 Lipsiensi

176 3797 313 3857 Paullino
354 3797 604 3873 exsignaverant,
643 3797 676 3856 in
716 3815 843 3858 recensu
873 3798 1053 3858 Ernestiano
1090 3801 1225 3862 omissas.
