2980 4576
338 366 390 419 114
785 366 947 419 Prolegomena.

337 555 372 608 nt
397 569 437 610 ex
466 551 547 610 omni
571 549 695 610 Graecia
716 550 884 610 deferretur
905 551 943 609 ad
965 568 1013 625 se,
1045 551 1072 611 si
1094 552 1167 628 quid
1188 551 1384 611 Homericum

337 656 455 732 uspiam
472 656 585 715 lateret.
621 656 668 715 Ita
690 657 846 716 inventum
868 657 981 731 passim
1000 675 1081 730 esse,
1104 657 1156 733 qui
1172 662 1294 716 centum
1316 675 1382 715 ver-

339 777 403 834 sus,
425 761 531 835 alium,
553 761 605 837 qui
627 761 724 835 mille,
746 762 839 820 alium
858 762 961 835 etiam,
985 763 1037 838 qui
1059 759 1201 821 maio‘rem
1223 780 1384 820 nnmerum

338 867 492 927 conferret.
529 864 642 939 Quibus
659 867 797 925 omnibus
811 867 940 942 receptis
958 867 1150 943 collectisque
1168 867 1267 942 ipsum
1282 867 1384 925 statim
1426 905 1434 924 ι

338 989 533 1046 congregasse
556 970 672 1029 LXXII
701 970 928 1043 Grammaticos,
958 967 1106 1051 (Aristeae
1137 972 1267 1031 fabulam
1296 971 1384 1030 audis

337 1074 375 1132 de
402 1073 519 1134 LXXH
548 1075 763 1149 interpretibus
789 1070 979 1155 Bibliornm,)
1009 1093 1120 1153 eosque
1149 1076 1274 1134 iussisse
1305 1077 1384 1135 hanc

337 1179 517 1256 farraginem
546 1179 579 1237 in
599 1179 713 1238 iustum
735 1181 871 1240 ordinem
901 1180 1044 1254 redigere.
1088 1180 1126 1239 In
1153 1181 1209 1240 hoc
1238 1199 1384 1240 consessu

338 1284 602 1345 Grammaticorum
632 1302 702 1360 prae
731 1287 840 1345 ceteris
867 1285 1016 1346 Zenodoto
1046 1291 1076 1344 et
1098 1271 1269 1345 Aristarcho
1298 1286 1383 1345 locus

338 1395 398 1464 est,
429 1408 527 1449 errore
556 1388 743 1466 turpissimo,
771 1412 789 1451 a
819 1410 877 1468 quo
905 1397 1005 1451 tamen
1038 1409 1094 1450 nec
1119 1391 1297 1450 Eustathius
1326 1410 1384 1450 uec

338 1498 517 1560 recentiores
539 1497 661 1575 quidam
683 1499 761 1556 docti
776 1493 1028 1577 recesserunt10).
1066 1498 1165 1573 Atque
1185 1497 1275 1555 huius
1291 1498 1384 1555 unius

338 1603 455 1661 fabulae
478 1602 651 1661 auctoritate
675 1619 708 1662 se
723 1607 864 1660 tueantur
879 1602 914 1676 ii,
939 1600 991 1678 qui
1004 1601 1195 1660 Pisistratum
1210 1620 1270 1659 non
1286 1603 1385 1678 prima

338 1707 485 1782 scriptura
516 1706 673 1782 collegisse
696 1701 735 1784 et„¹
753 1706 938 1782 disposuisse
970 1705 1121 1780 Carmina,
1152 1706 1204 1766 sed
1232 1707 1384 1781 distracta,

278 1804 490 1891 150dis1sipata
522 1817 554 1870 et
585 1811 702 1870 divulsa
730 1811 899 1871 restituisse
931 1807 1178 1885 contenduntss).
1223 1810 1300 1886 Nos,
1330 1813 1384 1888 qui

339 1917 416 1975 scire
437 1915 521 1976 nobis
536 1917 685 1990 videmur,
708 1916 780 1992 quid
796 1917 875 1974 inter
889 1916 1020 1974 fabulam
1035 1921 1065 1976 et
1084 1915 1239 1974 historiam
1253 1917 1384 1990 intersit,

264 2096 268 2104 ‚
338 2021 401 2081 illic
433 2021 588 2080 historiam
623 2022 678 2080 sub
712 2020 812 2079 fabula
847 2021 1022 2080 occultatam
1053 2021 1258 2095 agnoscimus
1290 2021 1385 2079 simili

339 2127 501 2186 eruendam
521 2126 619 2199 modo,
643 2144 701 2202 quo
723 2126 835 2184 versati
856 2129 927 2184 sunt
946 2124 1004 2182 viri
1027 2124 1106 2183 docti
1120 2125 1153 2182 in
1168 2124 1289 2184 Iudaico
1304 2144 1386 2184 com-

338 2239 438 2291 mento
461 2232 498 2291 de
519 2230 605 2290 LXX
627 2231 841 2306 interpretibus
854 2225 905 2309 ¹²).

339 2500 426 2553 solam
450 2499 684 2552 διδασκαλίαν
705 2496 901 2564 rhapsodorum
928 2497 1112 2550 conservando
1134 2495 1251 2550 Homero
1276 2498 1385 2551 adhibi-

338 2594 393 2644 tam
412 2603 471 2642 esse
490 2586 563 2640 dicit.
599 2585 663 2639 Tam
683 2583 783 2637 diserte
807 2583 874 2637 haec
895 2599 973 2636 nemo
997 2583 1075 2636 docet
1098 2586 1203 2652 praeter
1225 2584 1386 2654 Iosephum;

338 2680 367 2730 at
385 2677 479 2730 eadem
496 2677 587 2728 tamen
605 2673 702 2726 docent
719 2687 819 2724 omnes.

426 2796 470 2863 10)
501 2795 567 2849 Post
592 2809 703 2863 magnos
730 2792 917 2861 compilatores
943 2793 1080 2847 Historiae
1107 2793 1271 2847 universalis
1298 2795 1386 2848 istum

339 2901 469 2951 errorem,
497 2883 546 2935 vix
573 2880 751 2935 Anacharsidi
778 2879 895 2948 Scythae
923 2880 1128 2950 ignoscendum,
1157 2881 1266 2934 omissis
1293 2884 1386 2936 tamen

338 2971 494 3027 nominibus
513 2969 754 3024 Grammaticorum
771 2968 882 3036 repetiit
898 2967 1060 3024 Barthelem.
1079 2968 1109 3020 in
1129 2968 1231 3022 Introd.
1254 2969 1290 3023 ad
1308 2969 1385 3022 illius

339 3062 441 3114 Itinera
457 3058 487 3112 P.
501 3058 523 3111 Ι.
543 3059 610 3110 extr.
631 3057 667 3125 [p.
681 3055 748 3123 61.]‚
767 3055 815 3108 ubi
827 3058 917 3109 cetera
930 3072 1035 3124 quoque
1048 3056 1164 3109 historia
1174 3056 1253 3111 Hom.
1272 3073 1385 3125 operum
1486 3073 1487 3088 ¹

339 3150 373 3203 ad
391 3147 531 3216 vulgarem
549 3144 660 3198 modum
676 3145 807 3197 narratur.

427 3269 472 3333 11)
501 3266 584 3320 Plane
610 3265 662 3318 hoc
688 3263 804 3318 traditur
826 3279 880 3317 uno
904 3279 988 3332 parvo
1013 3263 1129 3333 Scholio,
1157 3265 1186 3318 in
1210 3266 1313 3318 Anecd.
1340 3265 1383 3319 Gr.

339 3357 440 3412 ibidem
459 3356 544 3408 edito:
566 3356 687 3422 Λέγεται
706 3349 748 3402 δτι
767 3351 982 3423 συνεῤῥάφησαν
1001 3352 1056 3402 ὑπὸ
1073 3354 1279 3422 Πεισιστράτου
1299 3385 1332 3392 -
1350 3352 1384 3404 τὰ

336 3440 457 3513 Ὁμήρου
476 3442 630 3510 ποιήματα,
650 3441 696 3490 καὶ
713 3437 782 3489 κατὰ
801 3439 878 3498 τάξιν
898 3442 1085 3504 σννττέθησαν
1101 3439 1136 3490 τὰ
1153 3442 1221 3509 πρὶν
1238 3440 1385 3508 σποράδην
1485 3459 1486 3464 ’

338 3532 385 3583 καὶ
413 3531 448 3590 ὡς
475 3529 570 3598 ἔτυχεν
596 3524 852 3594 ἀναγινωσκόμενα,
881 3525 929 3577 διὰ
953 3525 984 3576 τὸ
1011 3525 1060 3590 τὴν
1083 3525 1208 3595 ἁρμογὴν
1233 3527 1324 3579 αὐτῶν
1347 3533 1384 3592 τῷ

334 3617 428 3687 χρόνῳ
448 3615 668 3680 διασπασθῆναι.

314 3742 321 3756 ·
426 3733 469 3800 12)
495 3734 534 3788 Ut
560 3733 717 3787 acutissime
744 3730 864 3784 omnium
891 3728 1041 3797 Eichhorn‚
1072 3729 1101 3781 in
1128 3729 1235 3798 Rapert.
1264 3730 1327 3785 bibl.
1355 3733 1383 3784 ot
1481 3753 1485 3804 ι

339 3821 432 3878 cuent.
450 3821 502 3876 litt.
521 3822 548 3876 1.
569 3821 590 3874 L
610 3836 636 3889 p.
656 3818 715 3872 266.
733 3833 792 3888 sqq.
835 3870 837 3875 .
1483 3839 1484 3848 ι
