2980 4576
328 339 379 394 170
771 339 936 393 Prolegomena.

327 522 461 584 scenicos
490 526 605 600 poetas,
636 521 767 582 maxime
792 523 825 582 in
852 521 1007 583 Comioum
1034 524 1244 600 cognominem
1271 540 1365 598 suum,

325 627 495 706 nequeam,
517 632 552 688 ut
574 627 606 686 in
629 628 763 688 obscuris
785 646 839 688 seu
854 628 1042 704 elegantibus
1058 628 1211 689 vocabulis
1225 629 1365 702 haereret,

326 732 380 793 sed
402 736 437 792 ut
457 732 630 793 universam
651 734 714 792 vim
734 738 765 793 et
785 738 881 794 artem
902 739 934 794 et
947 737 1082 812 tempora
1096 733 1263 794 fabularum
1277 751 1366 810 expo
1471 765 1472 770 .

324 831 472 918 1111194).
1471 825 1472 848 ³

412 941 577 1002 Homerum
612 946 715 1002 autem
750 942 897 1021 quomodo
932 943 1116 1019 tractaverit,
1159 947 1189 1003 et
1226 959 1369 1021 quasnam
1470 955 1472 1020 j

325 1045 456 1106 rationes
482 1046 551 1107 eius
577 1046 756 1107 emendandi
785 1047 825 1109 sit
854 1053 988 1123 secutus,
1018 1065 1113 1127 aeque
1135 1049 1295 1108 obscurum
1314 1051 1369 1121 est,

325 1169 416 1230 quam
443 1155 507 1212 erat
535 1151 568 1210 in
596 1152 755 1213 Zencdcto.
799 1152 877 1212 Nam
905 1153 964 1213 etsi
990 1153 1127 1213 recensio
1155 1153 1371 1229 Aristophanes

324 1274 407 1317 nnnc
434 1274 532 1335 nuper
562 1257 635 1318 satis
664 1258 768 1318 multis
796 1257 977 1319 lectionibus
1005 1253 1202 1338 innotuitll),
1231 1258 1371 1335 quoniam

266 1362 315 1416 221
325 1366 427 1422 tamen
441 1380 543 1422 earum
559 1355 561 1440 l
577 1381 634 1423 nec
652 1363 784 1423 rationes
802 1364 974 1438 traduntur,
997 1382 1071 1441 quas
1092 1364 1158 1441 ipse
1180 1363 1322 1422 attulerat
1340 1363 1372 1422 in

327 1465 555 1527 Commentariis
565 1462 621 1548 ⁹⁶),
643 1486 742 1546 neque
764 1468 875 1543 fontes,
906 1468 988 1528 unde
1010 1486 1061 1529 eas
1082 1467 1196 1543 hausit,
1227 1472 1373 1546 quantum

328 1620 392 1687 περὶ
409 1627 459 1670 τοῦ
476 1620 618 1682 Πέλοπος,
637 1618 667 1679 ὃς
685 1621 792 1689 πρῶτος
812 1619 842 1672 ἓν
855 1613 948 1671 Ἤλιδι
961 1621 1124 1688 ἠγωνίσατο.
1161 1617 1277 1688 Similia,
1297 1621 1372 1688 puto,

327 1706 355 1760 et
378 1705 480 1760 maiora
502 1706 600 1760 horum
625 1705 788 1761 (triticorum
811 1706 908 1762 merita
936 1707 1069 1761 sciremus
1091 1707 1121 1760 io
1144 1706 1269 1776 Lyriccs,
1292 1723 1372 1776 prae·

327 1791 422 1847 sertim
438 1792 468 1845 in
484 1792 598 1848 metrica
614 1793 747 1863 doctrina,
770 1795 824 1850 nisi
841 1796 921 1851 ruina
938 1796 1033 1864 ingens
1057 1794 1102 1848 hio
1121 1794 1222 1863 optima
1247 1810 1371 1864 quaeque
1474 1849 1475 1854 ,

327 1895 408 1948 opera
425 1880 628 1948 absumpsisset.

414 1968 459 2035 94)
478 1968 532 2022 Res
549 1971 660 2036 apparet
671 1985 705 2022 ex
718 1967 878 2026 Summariis
895 1969 940 2024 111
954 1970 1093 2039 Argumm.
1107 1969 1210 2040 aliquot
1221 1968 1370 2039 Sophoclis,

326 2054 478 2124 Emipidis,
502 2055 704 2126 Aristophanis,
728 2057 763 2112 ad
785 2072 852 2126 qnos
870 2072 1063 2125 nonnunquam
1085 2056 1167 2112 etiam
1190 2057 1318 2112 laudatur
1342 2058 1371 2110 in

300 2189 304 2196 .
327 2140 456 2210 81111111,
475 2145 534 2196 tum
552 2160 586 2197 ex
603 2143 736 2199 Athenaei
754 2143 813 2200 loco
828 2143 875 2198 VI.
894 2161 920 2212 p.
934 2141 993 2196 241.
1011 2142 1054 2209 1.,
1072 2142 1121 2196 ubi
1138 2142 1278 2212 Machcni,
1298 2143 1370 2198 clarc

326 2231 386 2283 tum
403 2232 497 2298 poetae
517 2230 632 2299 comico,
651 2247 760 2299 operam
779 2231 885 2286 dedisse
904 2231 1016 2298 dicitur,
1037 2230 1070 2283 de
1082 2230 1204 2298 partibus
1217 2231 1371 2286 comoediae

326 2317 510 2386 praecipienti.
546 2317 664 2387 Fuitque
688 2318 877 2387 Aristophanis
900 2318 987 2372 nostri
1011 2316 1135 2386 proprius
1161 2318 1371 2374 commentarius
1475 2321 1477 2340 ³

327 2404 360 2457 re
373 2403 470 2472 urvis,
490 2405 585 2460 eorem
601 2403 989 2473 1111111111111111.
1008 2404 1041 2458 B.
1068 2404 1107 2458 οι.
1120 2404 1207 2458 sonu.
1225 2405 1258 2458 ue
1271 2403 1370 2472 11111.
1475 2381 1477 2404 “

327 2491 434 2547 Phalar.
452 2509 479 2560 p.
499 2491 542 2547 25.

415 2579 459 2646 95)
475 2575 513 2630 Ἦ
524 2575 749 2648 Ἀριστοφάνειος
768 2577 929 2647 διόρθωσις,
954 2580 970 2644 ἡ
994 2577 1063 2630 κατὰ
1077 2573 1268 2648 Ἀριστοφάνη.
1304 2577 1371 2633 Eam

327 2669 473 2735 utrumque
488 2667 602 2721 Carmen
619 2664 788 2734 complexam
806 2681 878 2734 esse,
898 2683 933 2719 ex
951 2666 1090 2720 Athenaeo
1109 2667 1136 2719 et
1148 2664 1291 2720 Eustathic
1304 2664 1372 2720 satis

327 2753 496 2823 intelligitur.
527 2753 580 2809 Sed
598 2755 767 2822 1111111111,
787 2768 846 2807 eam
858 2753 992 2823 integram
1004 2752 1153 2807 venissem
1166 2767 1262 2808 manus
1276 2752 1371 2807 Gram-

327 2840 488 2895 maticorum
514 2842 672 2896 nostrorum.
714 2839 738 2893 Ii
765 2840 838 2893 enim
863 2839 909 2894 hic
936 2855 1043 2910 quoque
1069 2838 1283 2894 iniectionibus
1307 2839 1371 2894 iride

327 2927 462 2997 excerptis
486 2927 617 2983 vocabulo
643 2929 714 2996 φασὶ
737 2929 864 2994 uturum,
888 2927 956 2982 alibi
982 2929 1119 2982 auctorem
1146 2942 1227 2980 suum
1254 2926 1386 2994 produnt*

327 3014 524 3083 Callistratum,
547 3014 736 3084 Aristophanis
756 3014 930 3083 discipulum.
966 3013 1019 3069 Hic
1037 3014 1121 3084 igitur
1138 3013 1267 3068 lectiones
1285 3013 1371 3082 magi-

327 3103 377 3156 stri
401 3102 445 3156 sui
468 3102 513 3156 111
536 3103 595 3171 ipse
618 3104 756 3172 receperat
778 3102 808 3155 in
832 3103 949 3166 textum,
974 3101 1019 3156 vel
1042 3101 1071 3154 in
1092 3101 1171 3155 libris
1189 3100 1258 3168 suis,
1286 3101 1317 3154 lc
1334 3100 1372 3168 τῷ

327 3191 391 3259 περὶ
412 3185 540 3253 Ἰλιάδος,
568 3191 598 3243 ἐν
620 3195 679 3250 τοῖς
702 3190 909 3259 διορθωτικοῖς,
937 3189 966 3243 ἐν
995 3190 1033 3258 τῷ
1060 3188 1129 3257 πρὸς
1156 3187 1204 3247 τὰς
1228 3188 1373 3253 ἀθετήσεις

327 3277 359 3344 (1.
380 3278 475 3332 contra
490 3276 582 3331 cheles
600 3277 799 3343 Aristarcheos)
818 3279 947 3332 servarat.
984 3275 1168 3331 Callistratum
1185 3275 1258 3329 hunc
1276 3291 1371 3328 rursus

327 3364 463 3433 excerpsit
480 3364 629 3435 Didymus3
652 3364 765 3433 Didymi
790 3367 882 3420 autem
906 3381 987 3433 opera
1008 3363 1038 3416 in
1058 3363 1133 3418 hisce
1156 3363 1237 3417 rebus
1254 3361 1372 3432 plurima

325 3452 450 3507 fruimur.
486 3453 556 3507 Vide
575 3454 610 3507 ad
628 3460 652 3520 β.
673 3454 731 3506 111,
750 3452 810 3506 435.
829 3471 852 3505 τ.
873 3453 914 3507 76.
934 3453 993 3506 321.
1013 3454 1063 3506 etc.

413 3539 459 3606 96)
476 3535 681 3609 Ὑπομνήματα
699 3538 772 3593 enim
791 3539 930 3595 addidisse
947 3539 1026 3593 illum
1038 3538 1190 3594 recensioni
1203 3553 1279 3604 suae,
1299 3534 1369 3589 mul·

326 3629 368 3681 tos
386 3626 420 3680 cb
438 3641 533 3681 causas
552 3629 656 3681 certum
674 3627 769 3694 est[?],
794 3625 846 3681 etsi
870 3643 1005 3696 nusquam
1030 3643 1062 3682 ea
1085 3625 1245 3681 nominatim
1268 3639 1369 3677 memo·

326 3716 421 3771 rantur
438 3714 468 3767 in
485 3713 614 3783 scholiis,
632 3714 687 3769 nisi
705 3715 774 3770 forte
792 3715 826 3769 ad
844 3722 868 3782 β.
887 3715 945 3769 133,
965 3713 1005 3784 [ἐν
1021 3719 1080 3774 τοῖς
1097 3709 1153 3766 κατ’
1169 3709 1371 3784 Ἀριστοφάνην

327 3802 528 3872 ὑπομνήμασιν
542 3798 728 3872 Ἀριστάρχου.
767 3802 805 3858 Of.
824 3801 913 3859 Schol.
941 3803 976 3858 ad
1001 3801 1049 3857 Od.
1074 3821 1098 3857 ν.
1119 3800 1187 3872 loa]
1213 3802 1241 3854 st
1259 3820 1288 3871 φ.
1309 3798 1368 3855 130.
