3048 4588
590 332 753 384 Prolegomena.
1161 334 1195 387 87

150 510 264 570 dendas
296 517 327 572 et
360 513 498 572 omnibus
530 514 644 573 viribus
678 519 767 592 atque
807 516 912 591 opibus
944 515 1096 592 augendas
1129 513 1196 573 ahie

150 617 303 675 mandabo.
349 617 419 677 Feci
441 617 563 695 quidem
580 615 631 700 etl
656 619 721 696 ipse
744 624 904 697 utrumque
927 638 980 696 pro
1002 619 1082 678 virili
1104 620 1256 695 parte,116

148 811 244 880 Paullo
276 827 338 893 post
365 824 469 892 accipio
497 825 674 893 opusculum,
702 827 773 894 quod
801 825 849 879 ille
876 825 1042 890 minabatur,
1070 827 1197 896 hominis,

149 911 298 966 Homerum
328 912 452 981 negantis
480 929 600 980 unquam
626 913 726 980 fuisse,
760 914 907 981 utrumque
938 915 1027 967 autem
1055 915 1198 982 σωμάτιον

149 1000 297 1054 conflatum
315 1015 375 1053 esse
396 999 517 1053 docentis
535 1015 569 1052 ex
595 997 743 1065 111-91111111
766 1003 791 1050 et
819 999 906 1052 uariis
925 999 1040 1052 canticis
1059 999 1197 1066 detritio,

147 1085 333 1138 mendicorum
351 1091 375 1137 et
394 1085 602 1150 circulatorum,
621 1085 639 1137 d
658 1085 687 1137 ta
705 1085 824 1138 1111111111
842 1085 887 1137 des
907 1085 1042 1138 chanaone
1061 1085 1098 1138 da
1112 1087 1196 1139 Pont-

149 1174 228 1240 aanf,
249 1176 338 1228 cetera
356 1173 385 1226 in
403 1173 520 1226 eundem
537 1174 661 1227 modum:
689 1176 716 1226 et
739 1174 769 1226 in
786 1173 926 1229 Prooemio
952 1174 1061 1229 omnino
1079 1175 1149 1228 nihil
1167 1191 1196 1228 se

148 1279 182 1315 ex
202 1261 313 1316 Graecis
331 1261 429 1315 11111111
449 1278 543 1331 operae
561 1263 677 1329 pretium
691 1261 820 1315 didicisse
837 1262 983 1316 coufirmat.
1022 1261 1098 1328 Quod
1111 1279 1197 1316 unum

149 1352 191 1403 est
210 1366 246 1402 ex
264 1349 373 1418 paucis,
391 1348 535 1417 inquibus
552 1349 633 1402 facile
651 1350 723 1417 apud
738 1364 831 1403 omnes
844 1349 925 1402 fidem
938 1350 1073 1404 iuveniat:
1092 1348 1197 1418 reliqua

148 1437 255 1491 somnia
272 1443 337 1490 sunt
355 1439 382 1489 et
401 1436 584 1489 deliramenta.
621 1436 746 1489 Hominis
765 1435 885 1504 alioquin
908 1452 962 1490 non
981 1436 1089 1490 obscuri
1107 1453 1195 1506 neque

147 1525 262 1583 insulsi,
282 1524 398 1593 aliisque
416 1523 493 1577 libris
513 1523 595 1578 etiam
613 1524 643 1576 in
662 1523 805 1578 Germania
823 1523 893 1590 noti,
914 1523 975 1588 (Fr.
990 1522 1107 1576 Hedela'n
1122 1523 1196 1577 Atta

147 1611 173 1662 d'
195 1609 342 1677 Auba'pnoc
350 1612 366 1672 ,1
390 1610 498 1664 libellus
517 1611 557 1664 ita
573 1610 735 1678 inscriptus:
763 1609 936 1676 Gonjcctusres
954 1609 1141 1677 1111111111
1159 1627 1196 1664 111

148 1697 225 1751 Dies.
246 1712 297 1750 sar
315 1697 332 1750 l’
353 1696 458 1758 Iliade,
485 1714 570 1766 quum
597 1698 645 1750 diu
672 1697 799 1751 latuisset
826 1698 898 1766 apud
917 1697 1141 1766 Oharpenterium
1168 1701 1195 1752 et

148 1786 228 1854 ahos,
249 1787 309 1854 qui,
327 1785 462 1839 ince1tum
475 1785 556 1839 amici
570 1803 605 1839 an
616 1786 742 1839 veterum
755 1802 858 1853 amore,
878 1784 955 1838 illius
967 1785 1079 1839 editioni
1091 1801 1195 1839 moram

148 1874 306 1940 nectebant,
331 1873 440 1926 tandem
458 1873 565 1926 11111111
583 1872 715 1926 Hedelino
741 1872 843 1941 prodiit
859 1872 919 1926 Par.
938 1873 1014 1926 1715.
1033 1871 1057 1926 8.
1094 1873 1122 1926 11
1145 1873 1195 1928 ali-

148 1962 255 2030 quoties
274 1960 342 2014 mihi
360 1959 510 2028 perlectus,
540 1962 571 2013 111
590 1960 662 2028 dixi,
690 1960 811 2015 taedium
838 1959 931 2013 11111111
957 1960 1092 2028 opinionis
1110 1977 1195 2029 meae,

148 2050 176 2102 in
195 2049 275 2102 cuius
303 2046 512 2101 similitudinem
542 2047 677 2115 quandam
705 2046 846 2100 levissima
873 2047 1011 2100 temeritas
1035 2049 1062 2100 et
1086 2047 1197 2102 inscitia

148 2135 320 2204 antiquitatis
345 2134 455 2202 delapsa
477 2136 561 2200 esset,
587 2135 711 2203 serioque
737 2133 813 2202 coepi
838 2134 946 2204 vulgari
973 2133 1098 2202 quamvis
1124 2135 1195 2188 male

148 2223 303 2278 cohaerenti
319 2222 417 2276 rationi
430 2225 589 2292 argumenta
603 2222 768 2290 conquirere.
804 2221 876 2275 Nam
892 2237 927 2274 ne
938 2220 1071 2274 Hedelino
1085 2221 1195 2289 quidem

85 2315 88 2321 '
148 2309 322 2377 aBoilario,
348 2309 462 2364 Daoerio
492 2313 518 2362 11
542 2309 603 2363 aliis
621 2309 689 2362 bene
712 2324 870 2377 responsum
889 2308 1022 2370 videbam.
1059 2308 1102 2362 Ita
1119 2308 1194 2362 varie

147 2398 275 2466 annisus,
294 2399 325 2450 ut
342 2396 479 2451 historicis
499 2396 705 2450 difficultatibus
719 2396 773 2450 alia
788 2399 868 2465 atque
889 2395 942 2450 alia
953 2395 999 2448 via
1016 2411 1194 2463 cccrurerem,

147 2501 212 2538 mox
231 2485 318 2537 denuo
338 2485 454 2538 vexatus
471 2483 541 2551 illie,
562 2484 704 2552 denuoque
723 2485 832 2537 coactus
851 2483 959 2548 cedere,
983 2483 1108 2536 conscius
1126 2482 1195 2535 mihi

147 2589 223 2639 sum,
247 2570 318 2623 nihil
336 2587 379 2623 me
397 2587 447 2624 111
464 2569 579 2624 vanitati
598 2569 756 2639 cupiditatis
775 2586 825 2623 nec
849 2569 1000 2623 sententiae
1018 2569 1133 2623 novitati
1151 2571 1194 2622 in-

147 2658 281 2725 dulsisse,
300 2660 327 2710 et
345 2673 437 2712 omnes
455 2657 605 2711 intendisse
624 2673 737 2724 nervos,
761 2658 793 2710 ut
816 2657 849 2710 ab
877 2656 975 2710 erroris
993 2655 1098 2725 laqueis
1115 2673 1194 2711 eave-

148 2762 216 2799 rem.
253 2745 345 2799 Testes
368 2746 407 2798 rei
435 2745 520 2800 habeo
539 2745 639 2799 multos
667 2743 842 2799 familiarium
869 2760 1004 2812 meorum,
1033 2745 1195 2813 quibuscum

148 2850 198 2902 per
215 2833 267 2886 hos
285 2833 422 2901 proximos
441 2849 524 2886 annos
542 2833 662 2886 laborem
680 2848 771 2885 meum
789 2831 1002 2898 communicavi,
1025 2832 1195 2899 provocando

149 2937 196 2974 eos
216 2920 251 2974 ad
277 2920 460 2988 quaerendum
478 2936 587 2987 verum,
613 2923 640 2972 et
663 2919 767 2984 omnia,
793 2934 861 2987 quae
885 2919 915 2972 iu
938 2918 1005 2987 ipsis
1025 2917 1195 2972 Carminibus

148 3008 219 3062 111111
239 3008 377 3062 aduersari
395 3007 566 3075 viderentur,
591 3006 712 3060 studiose
736 3005 887 3075 colligenda
911 3008 938 3059 ct
961 3006 1011 3059 sub
1037 3023 1123 3058 unum
1147 3006 1194 3059 ad-

149 3097 275 3164 spectum
294 3095 420 3165 ccgenda.
457 3096 496 3148 Ac
515 3111 549 3147 ne
567 3111 640 3148 nunc
659 3093 769 3162 quidem
787 3093 855 3148 haec
875 3094 995 3162 disputo,
1018 3095 1050 3146 ut
1068 3093 1195 3162 cuiquam

148 3183 343 3252 persuadeam,
363 3182 408 3235 cui
426 3198 481 3235 111
499 3181 559 3251 ipsa
576 3197 620 3234 res
638 3181 812 3249 persuadeat,
831 3181 879 3234 sed
897 3183 941 3248 ut,
960 3181 984 3235 si
1002 3181 1067 3249 quid
1087 3196 1196 3234 errave-

148 3274 203 3324 rim
221 3271 270 3324 aut
287 3270 316 3322 11
333 3269 433 3324 falsum
452 3269 624 3336 detorserim,
643 3268 740 3323 erroris
758 3268 903 3322 convincar
921 3268 954 3322 ab
973 3267 1145 3322 acuhcribus.

239 3357 282 3410 Ne
309 3372 373 3410 vero
400 3355 623 3410 Rudbsolrianum
651 3355 791 3424 ingenium
818 3354 940 3408 induisse
963 3355 1067 3423 videar,
1096 3355 1195 3424 quippe

150 3444 198 3513 qui
211 3443 257 3496 vel
277 3442 306 3495 in
324 3442 445 3495 minimis
458 3442 616 3496 historicam
629 3441 772 3495 veritatem
791 3458 895 3496 sacram
907 3459 964 3495 rem
975 3441 1074 3495 habere
1086 3442 1194 3511 soleam,
1224 3489 1227 3494 .

151 3532 267 3585 duorum
297 3545 464 3583 summorum
496 3529 636 3583 hominum
663 3529 851 3583 auctoritatem
883 3530 979 3582 afferre
1005 3545 1127 3598 possum,
1158 3530 1193 3583 Is

151 3617 303 3672 Casauboni
323 3619 351 3671 et
367 3615 398 3669 R.
417 3616 546 3685 Bentleii,
565 3617 594 3669 in
612 3632 728 3685 quorum
745 3617 854 3686 scriptis
872 3633 926 3670 non
940 3617 1067 3686 ambigua
1079 3617 1196 3687 vestigia

152 3706 261 3759 exstant
280 3703 403 3758 eiusdem
421 3704 562 3772 opinionis.
599 3705 632 3758 ln
645 3703 796 3758 Oasauboni
808 3704 915 3772 scriptis
929 3704 1006 3772 plura
1020 3708 1094 3772 sunt,
1112 3705 1195 3758 Bent-

151 3791 199 3844 leii
217 3807 303 3845 rmum
321 3793 363 3845 est
380 3790 410 3842 iu
428 3791 523 3859 primis
542 3791 696 3861 insignem
712 3790 782 3844 libro
802 3792 931 3845 adversus
944 3789 1078 3846 Collinum
1091 3792 1195 3864 anglice
