<?xml version="1.0" encoding="UTF-8"?>
<!DOCTYPE html PUBLIC "-//W3C//DTD XHTML 1.0 Transitional//EN"
    "http://www.w3.org/TR/xhtml1/DTD/xhtml1-transitional.dtd">
<html xmlns="http://www.w3.org/1999/xhtml" xml:lang="en" lang="en">
 <head>
  <title>
</title>
<meta http-equiv="Content-Type" content="text/html;charset=utf-8" />
  <meta name='ocr-system' content='tesseract 3.04.00' />
  <meta name='ocr-capabilities' content='ocr_page ocr_carea ocr_par ocr_line ocrx_word'/>
</head>
<body>
  <div class='ocr_page' id='page_1' title='image "./prolegomenaadho05wolfgoog/prolegomenaadho05wolfgoog_0165.png"; bbox 0 0 2980 4576; ppageno 0'>
   <div class='ocr_carea' id='block_1_1' title="bbox 553 343 1151 423">
    <p class='ocr_par' dir='ltr' id='par_1_1' title="bbox 553 343 1151 423">
     <span class='ocr_line' id='line_1_1' title="bbox 553 343 1151 423; baseline 0.003 -15"><span class='ocrx_word' id='word_1_1' title='bbox 553 343 715 418; x_wconf 73' lang='lat' dir='ltr'>Prolegomena</span> <span class='ocrx_word' id='word_1_2' title='bbox 1101 369 1151 423; x_wconf 81' lang='grc'>149</span> 
     </span>
    </p>
   </div>
   <div class='ocr_carea' id='block_1_2' title="bbox 14 548 1215 838">
    <p class='ocr_par' dir='ltr' id='par_1_2' title="bbox 14 548 1215 838">
     <span class='ocr_line' id='line_1_2' title="bbox 198 548 1215 627; baseline 0.001 -19"><span class='ocrx_word' id='word_1_3' title='bbox 198 548 304 627; x_wconf 80' lang='lat' dir='ltr'><strong>Neque</strong></span> <span class='ocrx_word' id='word_1_4' title='bbox 333 567 403 610; x_wconf 87' lang='lat' dir='ltr'>vero</span> <span class='ocrx_word' id='word_1_5' title='bbox 434 567 484 608; x_wconf 89' lang='lat' dir='ltr'>eos</span> <span class='ocrx_word' id='word_1_6' title='bbox 515 566 631 624; x_wconf 91' lang='lat' dir='ltr'>omnes,</span> <span class='ocrx_word' id='word_1_7' title='bbox 666 567 792 627; x_wconf 91' lang='lat' dir='ltr'>quorum</span> <span class='ocrx_word' id='word_1_8' title='bbox 813 549 1003 610; x_wconf 70' lang='lat' dir='ltr'>auctoritates</span> <span class='ocrx_word' id='word_1_9' title='bbox 1025 569 1043 609; x_wconf 88' lang='lat' dir='ltr'>a</span> <span class='ocrx_word' id='word_1_10' title='bbox 1063 549 1215 611; x_wconf 83' lang='lat' dir='ltr'>Scho-194</span> 
     </span>
     <span class='ocr_line' id='line_1_3' title="bbox 114 653 1153 731; baseline 0.002 -20"><span class='ocrx_word' id='word_1_11' title='bbox 114 653 207 713; x_wconf 86' lang='lat' dir='ltr'>hastis</span> <span class='ocrx_word' id='word_1_12' title='bbox 236 658 267 714; x_wconf 90' lang='lat' dir='ltr'>et</span> <span class='ocrx_word' id='word_1_13' title='bbox 288 654 444 714; x_wconf 84' lang='lat' dir='ltr'>Eustathio</span> <span class='ocrx_word' id='word_1_14' title='bbox 466 658 683 731; x_wconf 81' lang='lat' dir='ltr'><strong>expromuntur</strong></span> <span class='ocrx_word' id='word_1_15' title='bbox 710 655 743 713; x_wconf 92' lang='lat' dir='ltr'>in</span> <span class='ocrx_word' id='word_1_16' title='bbox 764 654 943 715; x_wconf 87' lang='lat' dir='ltr'>lectionibus</span> <span class='ocrx_word' id='word_1_17' title='bbox 968 655 1153 714; x_wconf 68' lang='grc'><strong>010100000-</strong></span> 
     </span>
     <span class='ocr_line' id='line_1_4' title="bbox 14 759 1153 838; baseline 0.003 -21"><span class='ocrx_word' id='word_1_18' title='bbox 14 771 16 836; x_wconf 71' lang='grc'>1</span> <span class='ocrx_word' id='word_1_19' title='bbox 114 759 254 838; x_wconf 80' lang='lat' dir='ltr'>tionibus,</span> <span class='ocrx_word' id='word_1_20' title='bbox 284 765 459 838; x_wconf 87' lang='lat' dir='ltr'>perpetuam</span> <span class='ocrx_word' id='word_1_21' title='bbox 488 759 725 819; x_wconf 77' lang='lat' dir='ltr'>emendationem</span> <span class='ocrx_word' id='word_1_22' title='bbox 747 759 868 818; x_wconf 87' lang='lat' dir='ltr'>Homeri</span> <span class='ocrx_word' id='word_1_23' title='bbox 897 763 949 820; x_wconf 86' lang='lat' dir='ltr'>aut</span> <span class='ocrx_word' id='word_1_24' title='bbox 977 760 1153 835; x_wconf 86' lang='lat' dir='ltr'>interpreta-</span> 
     </span>
    </p>
   </div>
   <div class='ocr_carea' id='block_1_3' title="bbox 11 1031 1154 3879">
    <p class='ocr_par' dir='ltr' id='par_1_3' title="bbox 114 1031 1153 1102">
     <span class='ocr_line' id='line_1_5' title="bbox 114 1031 1153 1102; baseline 0.002 -19"><span class='ocrx_word' id='word_1_25' title='bbox 114 1031 141 1084; x_wconf 75' lang='grc' dir='ltr'>1ν</span> <span class='ocrx_word' id='word_1_26' title='bbox 157 1034 265 1086; x_wconf 77' lang='lat' dir='ltr'>mutans</span> <span class='ocrx_word' id='word_1_27' title='bbox 283 1032 313 1086; x_wconf 90' lang='lat' dir='ltr'>in</span> <span class='ocrx_word' id='word_1_28' title='bbox 331 1033 369 1097; x_wconf 78' lang='grc' dir='ltr'>ἓν,</span> <span class='ocrx_word' id='word_1_29' title='bbox 388 1034 459 1102; x_wconf 89' lang='lat' dir='ltr'>qnod</span> <span class='ocrx_word' id='word_1_30' title='bbox 477 1033 590 1101; x_wconf 86' lang='lat' dir='ltr'>putabat</span> <span class='ocrx_word' id='word_1_31' title='bbox 607 1048 667 1087; x_wconf 86' lang='lat' dir='ltr'>esse</span> <span class='ocrx_word' id='word_1_32' title='bbox 685 1033 791 1102; x_wconf 64' lang='lat' dir='ltr'>tranem</span> <span class='ocrx_word' id='word_1_33' title='bbox 814 1032 934 1101; x_wconf 85' lang='lat' dir='ltr'>Attalus,</span> <span class='ocrx_word' id='word_1_34' title='bbox 954 1032 1044 1087; x_wconf 87' lang='lat' dir='ltr'>forsan</span> <span class='ocrx_word' id='word_1_35' title='bbox 1061 1031 1086 1085; x_wconf 90' lang='lat' dir='ltr'>is</span> <span class='ocrx_word' id='word_1_36' title='bbox 1106 1031 1153 1100; x_wconf 89' lang='lat' dir='ltr'>qui</span> 
     </span>
    </p>

    <p class='ocr_par' dir='ltr' id='par_1_4' title="bbox 112 1118 1153 1188">
     <span class='ocr_line' id='line_1_6' title="bbox 112 1118 1153 1188; baseline -0.003 -18"><span class='ocrx_word' id='word_1_37' title='bbox 112 1118 140 1170; x_wconf 90' lang='lat' dir='ltr'>in</span> <span class='ocrx_word' id='word_1_38' title='bbox 157 1121 257 1174; x_wconf 77' lang='lat' dir='ltr'>Aratea</span> <span class='ocrx_word' id='word_1_39' title='bbox 274 1122 469 1174; x_wconf 87' lang='lat' dir='ltr'>commentatus</span> <span class='ocrx_word' id='word_1_40' title='bbox 488 1122 541 1188; x_wconf 92' lang='lat' dir='ltr'>est,</span> <span class='ocrx_word' id='word_1_41' title='bbox 568 1121 613 1174; x_wconf 89' lang='lat' dir='ltr'>cui</span> <span class='ocrx_word' id='word_1_42' title='bbox 633 1139 655 1172; x_wconf 91' lang='grc' dir='ltr'>ο.</span> <span class='ocrx_word' id='word_1_43' title='bbox 674 1119 734 1172; x_wconf 86' lang='lat'>444.</span> <span class='ocrx_word' id='word_1_44' title='bbox 756 1119 870 1173; x_wconf 75' lang='grc' dir='ltr'><strong><em>ἰοδόκον</em></strong></span> <span class='ocrx_word' id='word_1_45' title='bbox 887 1119 1015 1173; x_wconf 89' lang='lat' dir='ltr'>debemus</span> <span class='ocrx_word' id='word_1_46' title='bbox 1035 1120 1153 1188; x_wconf 80' lang='grc' dir='ltr'><strong><em>παροξυ-</em></strong></span> 
     </span>
    </p>

    <p class='ocr_par' dir='ltr' id='par_1_5' title="bbox 112 1205 1153 1277">
     <span class='ocr_line' id='line_1_7' title="bbox 112 1205 1153 1277; baseline 0.001 -20"><span class='ocrx_word' id='word_1_47' title='bbox 112 1205 206 1270; x_wconf 81' lang='grc' dir='ltr'><strong><em>τόνως,</em></strong></span> <span class='ocrx_word' id='word_1_48' title='bbox 231 1206 294 1262; x_wconf 79' lang='lat' dir='ltr'>aliis</span> <span class='ocrx_word' id='word_1_49' title='bbox 314 1208 562 1277; x_wconf 71' lang='grc' dir='ltr'><strong><em>προπαροξυτόνως</em></strong></span> <span class='ocrx_word' id='word_1_50' title='bbox 583 1207 776 1261; x_wconf 77' lang='lat' dir='ltr'>scribentibus:</span> <span class='ocrx_word' id='word_1_51' title='bbox 799 1206 840 1270; x_wconf 24' lang='lat' dir='ltr'>,ita</span> <span class='ocrx_word' id='word_1_52' title='bbox 858 1205 1027 1274; x_wconf 78' lang='lat' dir='ltr'>Euphranori</span> <span class='ocrx_word' id='word_1_53' title='bbox 1052 1208 1072 1266; x_wconf 81' lang='grc' dir='ltr'>ξ.</span> <span class='ocrx_word' id='word_1_54' title='bbox 1093 1205 1153 1259; x_wconf 85' lang='grc'><strong>372.</strong></span> 
     </span>
    </p>

    <p class='ocr_par' dir='ltr' id='par_1_6' title="bbox 13 1292 1154 1368">
     <span class='ocr_line' id='line_1_8' title="bbox 13 1292 1154 1368; baseline 0.004 -25"><span class='ocrx_word' id='word_1_55' title='bbox 13 1297 15 1326; x_wconf 63' lang='lat'>³</span> <span class='ocrx_word' id='word_1_56' title='bbox 113 1297 287 1364; x_wconf 70' lang='grc' dir='ltr'><strong><em>παναίθῃσιν</em></strong></span> <span class='ocrx_word' id='word_1_57' title='bbox 304 1311 351 1364; x_wconf 91' lang='lat' dir='ltr'>pro</span> <span class='ocrx_word' id='word_1_58' title='bbox 369 1295 484 1348; x_wconf 86' lang='lat' dir='ltr'>aliorum</span> <span class='ocrx_word' id='word_1_59' title='bbox 504 1297 685 1368; x_wconf 73' lang='grc' dir='ltr'><strong><em>παναιίιῇσιν,</em></strong></span> <span class='ocrx_word' id='word_1_60' title='bbox 712 1298 743 1347; x_wconf 92' lang='lat' dir='ltr'>ut</span> <span class='ocrx_word' id='word_1_61' title='bbox 766 1310 800 1347; x_wconf 85' lang='lat' dir='ltr'>ex</span> <span class='ocrx_word' id='word_1_62' title='bbox 817 1293 1001 1362; x_wconf 80' lang='lat' dir='ltr'>Euphranoris</span> <span class='ocrx_word' id='word_1_63' title='bbox 1020 1292 1154 1362; x_wconf 90' lang='lat' dir='ltr'>discipulo</span> 
     </span>
    </p>

    <p class='ocr_par' dir='ltr' id='par_1_7' title="bbox 112 1380 1154 1450">
     <span class='ocr_line' id='line_1_9' title="bbox 112 1380 1154 1450; baseline 0 -18"><span class='ocrx_word' id='word_1_64' title='bbox 112 1381 214 1448; x_wconf 89' lang='lat' dir='ltr'>Apione</span> <span class='ocrx_word' id='word_1_65' title='bbox 240 1382 325 1436; x_wconf 85' lang='lat' dir='ltr'>tradit</span> <span class='ocrx_word' id='word_1_66' title='bbox 350 1381 473 1436; x_wconf 87' lang='lat' dir='ltr'>Eustath.</span> <span class='ocrx_word' id='word_1_67' title='bbox 501 1399 527 1450; x_wconf 93' lang='lat' dir='ltr'>p.</span> <span class='ocrx_word' id='word_1_68' title='bbox 556 1381 615 1435; x_wconf 93' lang='grc'><strong>992.</strong></span> <span class='ocrx_word' id='word_1_69' title='bbox 667 1381 837 1436; x_wconf 84' lang='lat' dir='ltr'>Ptolemaeus</span> <span class='ocrx_word' id='word_1_70' title='bbox 869 1381 1015 1450; x_wconf 78' lang='lat' dir='ltr'>Euergetes</span> <span class='ocrx_word' id='word_1_71' title='bbox 1040 1380 1076 1433; x_wconf 94' lang='grc' dir='ltr'>Π.</span> <span class='ocrx_word' id='word_1_72' title='bbox 1104 1396 1154 1433; x_wconf 84' lang='lat' dir='ltr'>rex</span> 
     </span>
    </p>

    <p class='ocr_par' dir='ltr' id='par_1_8' title="bbox 112 1467 1152 1538">
     <span class='ocr_line' id='line_1_10' title="bbox 112 1467 1152 1538; baseline 0.002 -19"><span class='ocrx_word' id='word_1_73' title='bbox 112 1468 240 1537; x_wconf 77' lang='lat' dir='ltr'>Aegypti,</span> <span class='ocrx_word' id='word_1_74' title='bbox 273 1469 424 1538; x_wconf 87' lang='lat' dir='ltr'>discipulus</span> <span class='ocrx_word' id='word_1_75' title='bbox 451 1468 613 1535; x_wconf 80' lang='lat' dir='ltr'>Aristarchi,</span> <span class='ocrx_word' id='word_1_76' title='bbox 642 1485 689 1537; x_wconf 91' lang='lat' dir='ltr'>pro</span> <span class='ocrx_word' id='word_1_77' title='bbox 714 1471 760 1520; x_wconf 81' lang='lat' dir='ltr'>loo</span> <span class='ocrx_word' id='word_1_78' title='bbox 784 1468 881 1537; x_wconf 86' lang='lat' dir='ltr'>Odyss.</span> <span class='ocrx_word' id='word_1_79' title='bbox 905 1486 924 1520; x_wconf 86' lang='grc' dir='ltr'>ε.</span> <span class='ocrx_word' id='word_1_80' title='bbox 951 1468 991 1521; x_wconf 82' lang='grc'>12.</span> <span class='ocrx_word' id='word_1_81' title='bbox 1017 1467 1152 1538; x_wconf 86' lang='lat' dir='ltr'>corrigens</span> 
     </span>
    </p>

    <p class='ocr_par' dir='ltr' id='par_1_9' title="bbox 73 1547 1152 1625">
     <span class='ocr_line' id='line_1_11' title="bbox 73 1547 1152 1625; baseline 0.003 -21"><span class='ocrx_word' id='word_1_82' title='bbox 73 1547 75 1554; x_wconf 86' lang='lat'>&#39;</span> <span class='ocrx_word' id='word_1_83' title='bbox 112 1558 188 1618; x_wconf 81' lang='grc' dir='ltr'><strong><em>σίου,·</em></strong></span> <span class='ocrx_word' id='word_1_84' title='bbox 212 1555 369 1624; x_wconf 74' lang='lat' dir='ltr'>LesbocleS,</span> <span class='ocrx_word' id='word_1_85' title='bbox 391 1556 410 1611; x_wconf 87' lang='lat' dir='ltr'>i.</span> <span class='ocrx_word' id='word_1_86' title='bbox 428 1557 521 1610; x_wconf 89' lang='lat' dir='ltr'>rhetor</span> <span class='ocrx_word' id='word_1_87' title='bbox 541 1554 734 1625; x_wconf 85' lang='lat' dir='ltr'>Mitylenaeus,</span> <span class='ocrx_word' id='word_1_88' title='bbox 759 1555 789 1610; x_wconf 88' lang='grc'>11</span> <span class='ocrx_word' id='word_1_89' title='bbox 810 1575 833 1609; x_wconf 84' lang='lat' dir='ltr'>r.</span> <span class='ocrx_word' id='word_1_90' title='bbox 854 1554 896 1609; x_wconf 85' lang='lat'>90.</span> <span class='ocrx_word' id='word_1_91' title='bbox 919 1553 1018 1608; x_wconf 90' lang='lat' dir='ltr'>leniter</span> <span class='ocrx_word' id='word_1_92' title='bbox 1043 1556 1070 1607; x_wconf 90' lang='lat' dir='ltr'>et</span> <span class='ocrx_word' id='word_1_93' title='bbox 1087 1554 1152 1608; x_wconf 89' lang='lat' dir='ltr'>satis</span> 
     </span>
    </p>

    <p class='ocr_par' dir='ltr' id='par_1_10' title="bbox 110 1637 1152 1713">
     <span class='ocr_line' id='line_1_12' title="bbox 110 1637 1152 1713; baseline 0.002 -19"><span class='ocrx_word' id='word_1_94' title='bbox 110 1641 207 1696; x_wconf 86' lang='lat' dir='ltr'>leviter</span> <span class='ocrx_word' id='word_1_95' title='bbox 234 1643 370 1713; x_wconf 86' lang='lat' dir='ltr'>corrigens</span> <span class='ocrx_word' id='word_1_96' title='bbox 399 1644 464 1703; x_wconf 75' lang='grc' dir='ltr'><strong><em>θεὸς</em></strong></span> <span class='ocrx_word' id='word_1_97' title='bbox 490 1637 514 1695; x_wconf 75' lang='grc' dir='ltr'><strong><em>ό</em></strong></span> <span class='ocrx_word' id='word_1_98' title='bbox 540 1646 570 1695; x_wconf 81' lang='lat' dir='ltr'>lu</span> <span class='ocrx_word' id='word_1_99' title='bbox 595 1643 632 1708; x_wconf 82' lang='grc'>11.</span> <span class='ocrx_word' id='word_1_100' title='bbox 651 1659 673 1696; x_wconf 95' lang='lat' dir='ltr'>e.</span> <span class='ocrx_word' id='word_1_101' title='bbox 697 1643 775 1712; x_wconf 84' lang='grc' dir='ltr'><strong><em>μία),</em></strong></span> <span class='ocrx_word' id='word_1_102' title='bbox 802 1642 958 1711; x_wconf 88' lang='lat' dir='ltr'>ibidemque</span> <span class='ocrx_word' id='word_1_103' title='bbox 984 1641 1152 1710; x_wconf 85' lang='lat' dir='ltr'>Hellanicus,</span> 
     </span>
    </p>

    <p class='ocr_par' dir='ltr' id='par_1_11' title="bbox 111 1721 1153 1798">
     <span class='ocr_line' id='line_1_13' title="bbox 111 1721 1153 1798; baseline 0 -15"><span class='ocrx_word' id='word_1_104' title='bbox 111 1746 189 1797; x_wconf 86' lang='lat' dir='ltr'>quem</span> <span class='ocrx_word' id='word_1_105' title='bbox 209 1730 333 1786; x_wconf 80' lang='lat' dir='ltr'>Strnzius</span> <span class='ocrx_word' id='word_1_106' title='bbox 354 1747 371 1785; x_wconf 83' lang='lat' dir='ltr'>a</span> <span class='ocrx_word' id='word_1_107' title='bbox 388 1732 496 1786; x_wconf 89' lang='lat' dir='ltr'>vetusto</span> <span class='ocrx_word' id='word_1_108' title='bbox 519 1730 648 1784; x_wconf 84' lang='lat' dir='ltr'>historico</span> <span class='ocrx_word' id='word_1_109' title='bbox 673 1730 741 1784; x_wconf 91' lang='lat' dir='ltr'>bene</span> <span class='ocrx_word' id='word_1_110' title='bbox 760 1721 898 1798; x_wconf 85' lang='lat' dir='ltr'>distinxit,</span> <span class='ocrx_word' id='word_1_111' title='bbox 927 1729 1008 1784; x_wconf 86' lang='lat' dir='ltr'>etiam</span> <span class='ocrx_word' id='word_1_112' title='bbox 1032 1727 1153 1796; x_wconf 90' lang='lat' dir='ltr'>ineptius</span> 
     </span>
    </p>

    <p class='ocr_par' dir='ltr' id='par_1_12' title="bbox 110 1810 1151 1890">
     <span class='ocr_line' id='line_1_14' title="bbox 110 1810 1151 1890; baseline 0 -22"><span class='ocrx_word' id='word_1_113' title='bbox 110 1817 239 1880; x_wconf 73' lang='grc' dir='ltr'>θεόςόια,1</span> <span class='ocrx_word' id='word_1_114' title='bbox 261 1818 449 1872; x_wconf 89' lang='lat' dir='ltr'>Aristodemus</span> <span class='ocrx_word' id='word_1_115' title='bbox 470 1817 597 1886; x_wconf 87' lang='lat' dir='ltr'>Nysaeus</span> <span class='ocrx_word' id='word_1_116' title='bbox 622 1817 719 1871; x_wconf 60' lang='grc'><strong>1453.</strong></span> <span class='ocrx_word' id='word_1_117' title='bbox 745 1833 813 1871; x_wconf 89' lang='lat' dir='ltr'>corr.</span> <span class='ocrx_word' id='word_1_118' title='bbox 836 1818 869 1890; x_wconf 71' lang='grc' dir='ltr'>τῇ</span> <span class='ocrx_word' id='word_1_119' title='bbox 889 1817 922 1868; x_wconf 89' lang='grc' dir='ltr'>οὐ</span> <span class='ocrx_word' id='word_1_120' title='bbox 941 1815 1070 1884; x_wconf 75' lang='grc' dir='ltr'><strong><em>πιθόμην</em></strong></span> <span class='ocrx_word' id='word_1_121' title='bbox 1093 1810 1151 1868; x_wconf 74' lang='lat' dir='ltr'>odd</span> 
     </span>
    </p>

    <p class='ocr_par' dir='ltr' id='par_1_13' title="bbox 110 1903 1153 1975">
     <span class='ocr_line' id='line_1_15' title="bbox 110 1903 1153 1975; baseline -0.001 -19"><span class='ocrx_word' id='word_1_122' title='bbox 110 1905 182 1971; x_wconf 84' lang='grc' dir='ltr'><strong><em>ἔρξα,</em></strong></span> <span class='ocrx_word' id='word_1_123' title='bbox 215 1906 268 1960; x_wconf 85' lang='grc'><strong>0101</strong></span> <span class='ocrx_word' id='word_1_124' title='bbox 295 1906 355 1974; x_wconf 81' lang='lat' dir='ltr'>piae</span> <span class='ocrx_word' id='word_1_125' title='bbox 383 1906 552 1960; x_wconf 88' lang='lat' dir='ltr'>coniecturae</span> <span class='ocrx_word' id='word_1_126' title='bbox 580 1905 692 1975; x_wconf 83' lang='lat' dir='ltr'>gloriola</span> <span class='ocrx_word' id='word_1_127' title='bbox 717 1905 878 1960; x_wconf 85' lang='lat' dir='ltr'>transfertur</span> <span class='ocrx_word' id='word_1_128' title='bbox 908 1904 943 1958; x_wconf 88' lang='lat' dir='ltr'>ad</span> <span class='ocrx_word' id='word_1_129' title='bbox 974 1903 1153 1972; x_wconf 90' lang='lat' dir='ltr'>antiquiorem</span> 
     </span>
    </p>

    <p class='ocr_par' dir='ltr' id='par_1_14' title="bbox 107 1989 1153 2061">
     <span class='ocr_line' id='line_1_16' title="bbox 107 1989 1153 2061; baseline -0.004 -17"><span class='ocrx_word' id='word_1_130' title='bbox 107 1993 242 2060; x_wconf 91' lang='lat' dir='ltr'>quendam</span> <span class='ocrx_word' id='word_1_131' title='bbox 256 1991 447 2061; x_wconf 78' lang='lat' dir='ltr'>Sosiphanem3</span> <span class='ocrx_word' id='word_1_132' title='bbox 465 1991 640 2046; x_wconf 87' lang='lat' dir='ltr'>Democrines</span> <span class='ocrx_word' id='word_1_133' title='bbox 653 1991 735 2046; x_wconf 81' lang='lat' dir='ltr'>Catal.</span> <span class='ocrx_word' id='word_1_134' title='bbox 749 1991 808 2045; x_wconf 87' lang='grc'><strong>251.</strong></span> <span class='ocrx_word' id='word_1_135' title='bbox 829 1991 865 2059; x_wconf 75' lang='grc' dir='ltr'>[β.</span> <span class='ocrx_word' id='word_1_136' title='bbox 879 1990 949 2058; x_wconf 77' lang='lat'>744]</span> <span class='ocrx_word' id='word_1_137' title='bbox 970 2005 1037 2044; x_wconf 83' lang='lat' dir='ltr'>com.</span> <span class='ocrx_word' id='word_1_138' title='bbox 1050 1989 1153 2042; x_wconf 71' lang='lat' dir='ltr'>Aread-</span> 
     </span>
    </p>

    <p class='ocr_par' dir='ltr' id='par_1_15' title="bbox 105 2078 1152 2150">
     <span class='ocr_line' id='line_1_17' title="bbox 105 2078 1152 2150; baseline -0.003 -20"><span class='ocrx_word' id='word_1_139' title='bbox 105 2093 204 2141; x_wconf 75' lang='grc' dir='ltr'><strong><em>πεσσις</em></strong></span> <span class='ocrx_word' id='word_1_140' title='bbox 228 2079 382 2150; x_wconf 82' lang='lat' dir='ltr'>Antigonus</span> <span class='ocrx_word' id='word_1_141' title='bbox 409 2089 439 2148; x_wconf 82' lang='grc' dir='ltr'>ψ.</span> <span class='ocrx_word' id='word_1_142' title='bbox 459 2078 517 2132; x_wconf 86' lang='grc'><strong>319.</strong></span> <span class='ocrx_word' id='word_1_143' title='bbox 543 2079 576 2133; x_wconf 88' lang='grc'>01</span> <span class='ocrx_word' id='word_1_144' title='bbox 600 2078 762 2134; x_wconf 86' lang='lat' dir='ltr'>insolentem</span> <span class='ocrx_word' id='word_1_145' title='bbox 786 2080 950 2132; x_wconf 88' lang='lat' dir='ltr'>structuram</span> <span class='ocrx_word' id='word_1_146' title='bbox 972 2094 1038 2132; x_wconf 90' lang='lat' dir='ltr'>corr.</span> <span class='ocrx_word' id='word_1_147' title='bbox 1058 2078 1152 2138; x_wconf 68' lang='grc' dir='ltr'><strong><em>ἄλλοςς</em></strong></span> 
     </span>
    </p>

    <p class='ocr_par' dir='ltr' id='par_1_16' title="bbox 108 2162 1152 2234">
     <span class='ocr_line' id='line_1_18' title="bbox 108 2162 1152 2234; baseline -0.005 -14"><span class='ocrx_word' id='word_1_148' title='bbox 108 2165 274 2234; x_wconf 85' lang='lat' dir='ltr'>Agathocles</span> <span class='ocrx_word' id='word_1_149' title='bbox 293 2165 346 2234; x_wconf 89' lang='lat' dir='ltr'>[ap.</span> <span class='ocrx_word' id='word_1_150' title='bbox 360 2165 437 2220; x_wconf 87' lang='lat' dir='ltr'>Eust.</span> <span class='ocrx_word' id='word_1_151' title='bbox 450 2183 475 2234; x_wconf 93' lang='lat' dir='ltr'>p.</span> <span class='ocrx_word' id='word_1_152' title='bbox 486 2165 557 2233; x_wconf 76' lang='lat'>994]</span> <span class='ocrx_word' id='word_1_153' title='bbox 573 2168 593 2225; x_wconf 82' lang='grc' dir='ltr'>ξ.</span> <span class='ocrx_word' id='word_1_154' title='bbox 607 2165 666 2219; x_wconf 85' lang='grc'><strong>398,</strong></span> <span class='ocrx_word' id='word_1_155' title='bbox 681 2181 748 2218; x_wconf 90' lang='lat' dir='ltr'>corr.</span> <span class='ocrx_word' id='word_1_156' title='bbox 764 2164 951 2234; x_wconf 69' lang='grc' dir='ltr'><strong><em>ἰξοφόροισινς</em></strong></span> <span class='ocrx_word' id='word_1_157' title='bbox 963 2180 1052 2232; x_wconf 90' lang='lat' dir='ltr'>neque</span> <span class='ocrx_word' id='word_1_158' title='bbox 1064 2162 1152 2217; x_wconf 90' lang='lat' dir='ltr'>homi-</span> 
     </span>
    </p>

    <p class='ocr_par' dir='ltr' id='par_1_17' title="bbox 105 2249 1151 2321">
     <span class='ocr_line' id='line_1_19' title="bbox 105 2249 1151 2321; baseline -0.001 -17"><span class='ocrx_word' id='word_1_159' title='bbox 105 2269 166 2306; x_wconf 92' lang='lat' dir='ltr'>nem</span> <span class='ocrx_word' id='word_1_160' title='bbox 185 2268 222 2306; x_wconf 84' lang='lat' dir='ltr'>ex</span> <span class='ocrx_word' id='word_1_161' title='bbox 237 2249 337 2307; x_wconf 81' lang='lat' dir='ltr'>Scholl.</span> <span class='ocrx_word' id='word_1_162' title='bbox 356 2253 391 2307; x_wconf 89' lang='lat' dir='ltr'>ad</span> <span class='ocrx_word' id='word_1_163' title='bbox 409 2271 433 2306; x_wconf 86' lang='grc' dir='ltr'>α.</span> <span class='ocrx_word' id='word_1_164' title='bbox 453 2251 513 2306; x_wconf 86' lang='grc'><strong>591.</strong></span> <span class='ocrx_word' id='word_1_165' title='bbox 533 2266 558 2306; x_wconf 91' lang='grc' dir='ltr'>σ.</span> <span class='ocrx_word' id='word_1_166' title='bbox 576 2251 635 2306; x_wconf 88' lang='grc'><strong>239.</strong></span> <span class='ocrx_word' id='word_1_167' title='bbox 653 2252 741 2321; x_wconf 86' lang='lat' dir='ltr'>magis</span> <span class='ocrx_word' id='word_1_168' title='bbox 760 2251 887 2306; x_wconf 91' lang='lat' dir='ltr'>admirari</span> <span class='ocrx_word' id='word_1_169' title='bbox 906 2251 1009 2319; x_wconf 82' lang='lat' dir='ltr'>discas3</span> <span class='ocrx_word' id='word_1_170' title='bbox 1030 2251 1151 2318; x_wconf 82' lang='lat' dir='ltr'>Zopyrus</span> 
     </span>
    </p>

    <p class='ocr_par' dir='ltr' id='par_1_18' title="bbox 105 2333 1150 2408">
     <span class='ocr_line' id='line_1_20' title="bbox 105 2333 1150 2408; baseline 0.002 -18"><span class='ocrx_word' id='word_1_171' title='bbox 105 2339 133 2392; x_wconf 77' lang='grc' dir='ltr'>ἐν</span> <span class='ocrx_word' id='word_1_172' title='bbox 148 2340 281 2406; x_wconf 79' lang='grc' dir='ltr'><strong><em>Μιλήτου</em></strong></span> <span class='ocrx_word' id='word_1_173' title='bbox 297 2344 386 2392; x_wconf 79' lang='grc' dir='ltr'><strong><em>κτίσει</em></strong></span> <span class='ocrx_word' id='word_1_174' title='bbox 406 2339 452 2393; x_wconf 88' lang='grc'><strong>011.</strong></span> <span class='ocrx_word' id='word_1_175' title='bbox 471 2359 494 2393; x_wconf 85' lang='grc' dir='ltr'>κ.</span> <span class='ocrx_word' id='word_1_176' title='bbox 515 2338 574 2392; x_wconf 83' lang='grc'><strong>275,</strong></span> <span class='ocrx_word' id='word_1_177' title='bbox 594 2340 694 2392; x_wconf 84' lang='grc' dir='ltr'><strong><em>πελλὸν</em></strong></span> <span class='ocrx_word' id='word_1_178' title='bbox 707 2333 850 2405; x_wconf 77' lang='grc' dir='ltr'>Ἀθηναίη,</span> <span class='ocrx_word' id='word_1_179' title='bbox 870 2339 996 2393; x_wconf 89' lang='lat' dir='ltr'>laudatus</span> <span class='ocrx_word' id='word_1_180' title='bbox 1013 2337 1043 2391; x_wconf 89' lang='lat' dir='ltr'>in</span> <span class='ocrx_word' id='word_1_181' title='bbox 1062 2354 1150 2408; x_wconf 84' lang='lat' dir='ltr'>gram·</span> 
     </span>
    </p>

    <p class='ocr_par' dir='ltr' id='par_1_19' title="bbox 104 2423 1151 2496">
     <span class='ocr_line' id='line_1_21' title="bbox 104 2423 1151 2496; baseline 0.003 -17"><span class='ocrx_word' id='word_1_182' title='bbox 104 2427 204 2481; x_wconf 89' lang='lat' dir='ltr'>matico</span> <span class='ocrx_word' id='word_1_183' title='bbox 224 2443 303 2496; x_wconf 91' lang='lat' dir='ltr'>opere</span> <span class='ocrx_word' id='word_1_184' title='bbox 317 2428 351 2482; x_wconf 92' lang='lat' dir='ltr'>ad</span> <span class='ocrx_word' id='word_1_185' title='bbox 364 2426 477 2495; x_wconf 86' lang='grc' dir='ltr'><strong>ω.139.;</strong></span> <span class='ocrx_word' id='word_1_186' title='bbox 497 2426 646 2495; x_wconf 90' lang='lat' dir='ltr'>Dionysius</span> <span class='ocrx_word' id='word_1_187' title='bbox 660 2425 870 2495; x_wconf 83' lang='lat' dir='ltr'>Scytobrachion</span> <span class='ocrx_word' id='word_1_188' title='bbox 890 2426 942 2494; x_wconf 89' lang='lat' dir='ltr'>[ap.</span> <span class='ocrx_word' id='word_1_189' title='bbox 954 2425 1030 2479; x_wconf 90' lang='lat' dir='ltr'>Enst.</span> <span class='ocrx_word' id='word_1_190' title='bbox 1040 2443 1067 2494; x_wconf 91' lang='lat' dir='ltr'>p.</span> <span class='ocrx_word' id='word_1_191' title='bbox 1079 2423 1151 2491; x_wconf 71' lang='grc'><strong>389]</strong></span> 
     </span>
    </p>

    <p class='ocr_par' dir='ltr' id='par_1_20' title="bbox 105 2511 1153 2584">
     <span class='ocr_line' id='line_1_22' title="bbox 105 2511 1153 2584; baseline -0.005 -16"><span class='ocrx_word' id='word_1_192' title='bbox 105 2516 163 2581; x_wconf 88' lang='lat' dir='ltr'>post</span> <span class='ocrx_word' id='word_1_193' title='bbox 174 2533 203 2584; x_wconf 81' lang='grc' dir='ltr'>μ.</span> <span class='ocrx_word' id='word_1_194' title='bbox 216 2513 260 2568; x_wconf 86' lang='grc'>40.</span> <span class='ocrx_word' id='word_1_195' title='bbox 274 2531 375 2569; x_wconf 83' lang='lat' dir='ltr'>norum</span> <span class='ocrx_word' id='word_1_196' title='bbox 386 2530 499 2568; x_wconf 82' lang='lat' dir='ltr'>versum</span> <span class='ocrx_word' id='word_1_197' title='bbox 511 2513 558 2583; x_wconf 84' lang='lat' dir='ltr'>[ex</span> <span class='ocrx_word' id='word_1_198' title='bbox 572 2534 590 2568; x_wconf 92' lang='grc' dir='ltr'>ι.</span> <span class='ocrx_word' id='word_1_199' title='bbox 604 2513 676 2582; x_wconf 79' lang='grc'>455]</span> <span class='ocrx_word' id='word_1_200' title='bbox 688 2515 824 2580; x_wconf 76' lang='lat' dir='ltr'>inserens,</span> <span class='ocrx_word' id='word_1_201' title='bbox 837 2513 952 2567; x_wconf 85' lang='lat' dir='ltr'>Archias</span> <span class='ocrx_word' id='word_1_202' title='bbox 965 2513 999 2566; x_wconf 84' lang='lat' dir='ltr'>ed</span> <span class='ocrx_word' id='word_1_203' title='bbox 1011 2531 1034 2565; x_wconf 84' lang='grc' dir='ltr'>τ.</span> <span class='ocrx_word' id='word_1_204' title='bbox 1048 2511 1089 2564; x_wconf 83' lang='grc'>19.</span> <span class='ocrx_word' id='word_1_205' title='bbox 1102 2511 1153 2564; x_wconf 90' lang='lat' dir='ltr'>uni</span> 
     </span>
    </p>

    <p class='ocr_par' dir='ltr' id='par_1_21' title="bbox 104 2598 1151 2670">
     <span class='ocr_line' id='line_1_23' title="bbox 104 2598 1151 2670; baseline -0.003 -16"><span class='ocrx_word' id='word_1_206' title='bbox 104 2603 269 2655; x_wconf 87' lang='lat' dir='ltr'>memoratus</span> <span class='ocrx_word' id='word_1_207' title='bbox 289 2601 430 2670; x_wconf 90' lang='lat' dir='ltr'>Apollonio</span> <span class='ocrx_word' id='word_1_208' title='bbox 448 2601 513 2654; x_wconf 86' lang='lat' dir='ltr'>Lex.</span> <span class='ocrx_word' id='word_1_209' title='bbox 527 2618 554 2654; x_wconf 84' lang='lat' dir='ltr'>v.</span> <span class='ocrx_word' id='word_1_210' title='bbox 571 2601 713 2668; x_wconf 74' lang='grc' dir='ltr'><strong><em>ὑββάλλειν</em></strong></span> <span class='ocrx_word' id='word_1_211' title='bbox 731 2600 760 2653; x_wconf 91' lang='lat' dir='ltr'>in</span> <span class='ocrx_word' id='word_1_212' title='bbox 776 2600 891 2654; x_wconf 90' lang='lat' dir='ltr'>lectione</span> <span class='ocrx_word' id='word_1_213' title='bbox 911 2599 1046 2659; x_wconf 80' lang='grc' dir='ltr'><strong><em>ἑσταότος</em></strong></span> <span class='ocrx_word' id='word_1_214' title='bbox 1064 2598 1151 2667; x_wconf 91' lang='lat' dir='ltr'>[Eust.</span> 
     </span>
    </p>

    <p class='ocr_par' dir='ltr' id='par_1_22' title="bbox 105 2686 1151 2758">
     <span class='ocr_line' id='line_1_24' title="bbox 105 2686 1151 2758; baseline -0.001 -18"><span class='ocrx_word' id='word_1_215' title='bbox 105 2705 130 2756; x_wconf 91' lang='lat' dir='ltr'>p.</span> <span class='ocrx_word' id='word_1_216' title='bbox 143 2687 247 2758; x_wconf 82' lang='lat'>1172.],</span> <span class='ocrx_word' id='word_1_217' title='bbox 267 2705 348 2757; x_wconf 88' lang='lat' dir='ltr'>quam</span> <span class='ocrx_word' id='word_1_218' title='bbox 365 2689 390 2742; x_wconf 87' lang='lat' dir='ltr'>si</span> <span class='ocrx_word' id='word_1_219' title='bbox 407 2691 479 2742; x_wconf 90' lang='lat' dir='ltr'>recte</span> <span class='ocrx_word' id='word_1_220' title='bbox 498 2689 639 2742; x_wconf 84' lang='lat' dir='ltr'>essecutus</span> <span class='ocrx_word' id='word_1_221' title='bbox 658 2690 699 2742; x_wconf 90' lang='grc'>001</span> <span class='ocrx_word' id='word_1_222' title='bbox 716 2687 830 2753; x_wconf 77' lang='lat' dir='ltr'>Tollius,</span> <span class='ocrx_word' id='word_1_223' title='bbox 851 2687 896 2741; x_wconf 92' lang='lat' dir='ltr'>cui</span> <span class='ocrx_word' id='word_1_224' title='bbox 914 2686 1041 2756; x_wconf 90' lang='lat' dir='ltr'>equidem</span> <span class='ocrx_word' id='word_1_225' title='bbox 1059 2702 1151 2742; x_wconf 84' lang='lat' dir='ltr'>assen-</span> 
     </span>
    </p>

    <p class='ocr_par' dir='ltr' id='par_1_23' title="bbox 104 2772 1153 2846">
     <span class='ocr_line' id='line_1_25' title="bbox 104 2772 1153 2846; baseline -0.002 -18"><span class='ocrx_word' id='word_1_226' title='bbox 104 2775 167 2844; x_wconf 90' lang='lat' dir='ltr'>tior,</span> <span class='ocrx_word' id='word_1_227' title='bbox 195 2775 303 2829; x_wconf 86' lang='lat' dir='ltr'>mireris</span> <span class='ocrx_word' id='word_1_228' title='bbox 328 2792 387 2830; x_wconf 89' lang='lat' dir='ltr'>eam</span> <span class='ocrx_word' id='word_1_229' title='bbox 411 2775 440 2828; x_wconf 87' lang='lat' dir='ltr'>in</span> <span class='ocrx_word' id='word_1_230' title='bbox 459 2772 653 2846; x_wconf 86' lang='lat' dir='ltr'>copiosissimis</span> <span class='ocrx_word' id='word_1_231' title='bbox 672 2773 788 2828; x_wconf 82' lang='lat' dir='ltr'>Scholiis</span> <span class='ocrx_word' id='word_1_232' title='bbox 811 2775 861 2829; x_wconf 91' lang='lat' dir='ltr'>sub</span> <span class='ocrx_word' id='word_1_233' title='bbox 879 2775 988 2830; x_wconf 90' lang='lat' dir='ltr'>nomine</span> <span class='ocrx_word' id='word_1_234' title='bbox 1006 2773 1081 2829; x_wconf 87' lang='lat' dir='ltr'>illius</span> <span class='ocrx_word' id='word_1_235' title='bbox 1099 2790 1153 2827; x_wconf 92' lang='lat' dir='ltr'>non</span> 
     </span>
    </p>

    <p class='ocr_par' dir='ltr' id='par_1_24' title="bbox 104 2861 1152 2932">
     <span class='ocr_line' id='line_1_26' title="bbox 104 2861 1152 2932; baseline -0.001 -17"><span class='ocrx_word' id='word_1_236' title='bbox 104 2861 224 2931; x_wconf 88' lang='lat' dir='ltr'>laudari,</span> <span class='ocrx_word' id='word_1_237' title='bbox 244 2862 420 2932; x_wconf 90' lang='lat' dir='ltr'>eiusdemque</span> <span class='ocrx_word' id='word_1_238' title='bbox 438 2863 494 2916; x_wconf 89' lang='lat' dir='ltr'>fere</span> <span class='ocrx_word' id='word_1_239' title='bbox 512 2861 625 2916; x_wconf 90' lang='lat' dir='ltr'>rationis</span> <span class='ocrx_word' id='word_1_240' title='bbox 638 2864 773 2916; x_wconf 79' lang='lat' dir='ltr'>auctorem</span> <span class='ocrx_word' id='word_1_241' title='bbox 789 2861 828 2914; x_wconf 93' lang='lat' dir='ltr'>ibi</span> <span class='ocrx_word' id='word_1_242' title='bbox 840 2861 917 2930; x_wconf 91' lang='lat' dir='ltr'>prodi</span> <span class='ocrx_word' id='word_1_243' title='bbox 930 2861 1152 2930; x_wconf 81' lang='lat' dir='ltr'>Epaphroditum,</span> 
     </span>
    </p>

    <p class='ocr_par' dir='ltr' id='par_1_25' title="bbox 106 2948 1152 3018">
     <span class='ocr_line' id='line_1_27' title="bbox 106 2948 1152 3018; baseline -0.001 -16"><span class='ocrx_word' id='word_1_244' title='bbox 106 2949 272 3018; x_wconf 89' lang='lat' dir='ltr'>discipulum</span> <span class='ocrx_word' id='word_1_245' title='bbox 290 2949 415 3004; x_wconf 87' lang='lat' dir='ltr'>Archiae.</span> <span class='ocrx_word' id='word_1_246' title='bbox 452 2951 488 3003; x_wconf 90' lang='lat' dir='ltr'>At</span> <span class='ocrx_word' id='word_1_247' title='bbox 505 2949 576 3002; x_wconf 89' lang='lat' dir='ltr'>nihil</span> <span class='ocrx_word' id='word_1_248' title='bbox 593 2948 647 3003; x_wconf 87' lang='lat' dir='ltr'>tale</span> <span class='ocrx_word' id='word_1_249' title='bbox 666 2949 820 3003; x_wconf 88' lang='lat' dir='ltr'>mirandum</span> <span class='ocrx_word' id='word_1_250' title='bbox 838 2951 880 3003; x_wconf 89' lang='lat' dir='ltr'>est</span> <span class='ocrx_word' id='word_1_251' title='bbox 895 2949 925 3002; x_wconf 91' lang='lat' dir='ltr'>in</span> <span class='ocrx_word' id='word_1_252' title='bbox 936 2951 1044 3003; x_wconf 84' lang='lat' dir='ltr'>fortuna</span> <span class='ocrx_word' id='word_1_253' title='bbox 1055 2949 1152 3003; x_wconf 88' lang='lat' dir='ltr'>harum</span> 
     </span>
    </p>

    <p class='ocr_par' dir='ltr' id='par_1_26' title="bbox 11 3036 1151 3107">
     <span class='ocr_line' id='line_1_28' title="bbox 11 3036 1151 3107; baseline -0.003 -17"><span class='ocrx_word' id='word_1_254' title='bbox 11 3079 13 3100; x_wconf 90' lang='grc'>,</span> <span class='ocrx_word' id='word_1_255' title='bbox 105 3037 296 3107; x_wconf 87' lang='lat' dir='ltr'>reliquiarum:</span> <span class='ocrx_word' id='word_1_256' title='bbox 315 3038 399 3091; x_wconf 92' lang='lat' dir='ltr'>immo</span> <span class='ocrx_word' id='word_1_257' title='bbox 417 3037 476 3106; x_wconf 91' lang='lat' dir='ltr'>ipse</span> <span class='ocrx_word' id='word_1_258' title='bbox 488 3037 648 3092; x_wconf 84' lang='lat' dir='ltr'>Eustathius</span> <span class='ocrx_word' id='word_1_259' title='bbox 666 3036 810 3090; x_wconf 88' lang='lat' dir='ltr'>nonnullas</span> <span class='ocrx_word' id='word_1_260' title='bbox 824 3036 934 3090; x_wconf 89' lang='lat' dir='ltr'>illarum</span> <span class='ocrx_word' id='word_1_261' title='bbox 948 3053 1019 3091; x_wconf 91' lang='lat' dir='ltr'>unus</span> <span class='ocrx_word' id='word_1_262' title='bbox 1032 3036 1151 3104; x_wconf 84' lang='lat' dir='ltr'>praebet.</span> 
     </span>
    </p>

    <p class='ocr_par' dir='ltr' id='par_1_27' title="bbox 11 3117 1152 3194">
     <span class='ocr_line' id='line_1_29' title="bbox 104 3121 1152 3194; baseline -0.002 -15.163"><span class='ocrx_word' id='word_1_263' title='bbox 104 3125 145 3180; x_wconf 86' lang='lat' dir='ltr'>Ita</span> <span class='ocrx_word' id='word_1_264' title='bbox 155 3141 256 3180; x_wconf 85' lang='lat' dir='ltr'>vanam</span> <span class='ocrx_word' id='word_1_265' title='bbox 274 3125 344 3180; x_wconf 90' lang='lat' dir='ltr'>coni.</span> <span class='ocrx_word' id='word_1_266' title='bbox 363 3123 503 3194; x_wconf 88' lang='lat' dir='ltr'>inOdyss.</span> <span class='ocrx_word' id='word_1_267' title='bbox 518 3127 540 3177; x_wconf 93' lang='grc' dir='ltr'>λ.</span> <span class='ocrx_word' id='word_1_268' title='bbox 556 3123 596 3177; x_wconf 90' lang='lat'>14.</span> <span class='ocrx_word' id='word_1_269' title='bbox 635 3128 792 3194; x_wconf 81' lang='grc' dir='ltr'><strong><em>Χειμερίων</em></strong></span> <span class='ocrx_word' id='word_1_270' title='bbox 804 3141 830 3192; x_wconf 90' lang='lat' dir='ltr'>p.</span> <span class='ocrx_word' id='word_1_271' title='bbox 845 3128 1009 3194; x_wconf 78' lang='grc' dir='ltr'><strong><em>Κιμμερίων</em></strong></span> <span class='ocrx_word' id='word_1_272' title='bbox 1032 3122 1064 3191; x_wconf 90' lang='lat' dir='ltr'>[s.</span> <span class='ocrx_word' id='word_1_273' title='bbox 1075 3123 1102 3176; x_wconf 92' lang='lat' dir='ltr'>h.</span> <span class='ocrx_word' id='word_1_274' title='bbox 1112 3121 1152 3189; x_wconf 78' lang='lat' dir='ltr'>u]</span> 
     </span>
    </p>

    <p class='ocr_par' dir='ltr' id='par_1_28' title="bbox 11 3199 1152 3283">
     <span class='ocr_line' id='line_1_30' title="bbox 11 3199 1152 3283; baseline -0.003 -17"><span class='ocrx_word' id='word_1_275' title='bbox 11 3199 12 3210; x_wconf 39' lang='lat'>¹</span> <span class='ocrx_word' id='word_1_276' title='bbox 104 3229 190 3266; x_wconf 92' lang='lat' dir='ltr'>unum</span> <span class='ocrx_word' id='word_1_277' title='bbox 200 3213 289 3282; x_wconf 90' lang='lat' dir='ltr'>Etym.</span> <span class='ocrx_word' id='word_1_278' title='bbox 299 3213 335 3268; x_wconf 88' lang='lat' dir='ltr'>M.</span> <span class='ocrx_word' id='word_1_279' title='bbox 346 3231 370 3283; x_wconf 89' lang='lat' dir='ltr'>p.</span> <span class='ocrx_word' id='word_1_280' title='bbox 380 3213 440 3267; x_wconf 81' lang='lat'>513.</span> <span class='ocrx_word' id='word_1_281' title='bbox 450 3212 576 3281; x_wconf 91' lang='lat' dir='ltr'>proponit</span> <span class='ocrx_word' id='word_1_282' title='bbox 586 3212 745 3266; x_wconf 89' lang='lat' dir='ltr'>auctoritate</span> <span class='ocrx_word' id='word_1_283' title='bbox 754 3211 868 3266; x_wconf 90' lang='lat' dir='ltr'>Proteae</span> <span class='ocrx_word' id='word_1_284' title='bbox 879 3211 1070 3281; x_wconf 82' lang='lat' dir='ltr'>Zeugmatitee,</span> <span class='ocrx_word' id='word_1_285' title='bbox 1079 3210 1152 3264; x_wconf 89' lang='lat' dir='ltr'>eius·</span> 
     </span>
    </p>

    <p class='ocr_par' dir='ltr' id='par_1_29' title="bbox 11 3297 1152 3376">
     <span class='ocr_line' id='line_1_31' title="bbox 11 3297 1152 3376; baseline -0.003 -23"><span class='ocrx_word' id='word_1_286' title='bbox 11 3359 12 3376; x_wconf 47' lang='lat'>,</span> <span class='ocrx_word' id='word_1_287' title='bbox 105 3300 165 3354; x_wconf 92' lang='lat' dir='ltr'>dem</span> <span class='ocrx_word' id='word_1_288' title='bbox 185 3299 365 3369; x_wconf 87' lang='lat' dir='ltr'>hauddubie,</span> <span class='ocrx_word' id='word_1_289' title='bbox 384 3300 462 3354; x_wconf 91' lang='lat' dir='ltr'>ouius</span> <span class='ocrx_word' id='word_1_290' title='bbox 480 3299 551 3354; x_wconf 82' lang='lat' dir='ltr'>levis</span> <span class='ocrx_word' id='word_1_291' title='bbox 569 3299 754 3367; x_wconf 88' lang='lat' dir='ltr'>interpretatio</span> <span class='ocrx_word' id='word_1_292' title='bbox 767 3299 902 3354; x_wconf 86' lang='lat' dir='ltr'>exstatad</span> <span class='ocrx_word' id='word_1_293' title='bbox 922 3313 946 3352; x_wconf 87' lang='grc' dir='ltr'>α.</span> <span class='ocrx_word' id='word_1_294' title='bbox 959 3298 1019 3352; x_wconf 84' lang='lat'>410.</span> <span class='ocrx_word' id='word_1_295' title='bbox 1050 3297 1152 3352; x_wconf 91' lang='lat' dir='ltr'>Eodem</span> 
     </span>
    </p>

    <p class='ocr_par' dir='ltr' id='par_1_30' title="bbox 11 3385 1151 3456">
     <span class='ocr_line' id='line_1_32' title="bbox 11 3385 1151 3456; baseline -0.003 -15"><span class='ocrx_word' id='word_1_296' title='bbox 11 3399 13 3422; x_wconf 82' lang='lat'><strong>¹</strong></span> <span class='ocrx_word' id='word_1_297' title='bbox 104 3388 183 3441; x_wconf 91' lang='lat' dir='ltr'>modo</span> <span class='ocrx_word' id='word_1_298' title='bbox 209 3386 292 3440; x_wconf 88' lang='lat' dir='ltr'>semel</span> <span class='ocrx_word' id='word_1_299' title='bbox 316 3388 349 3442; x_wconf 89' lang='lat' dir='ltr'>ab</span> <span class='ocrx_word' id='word_1_300' title='bbox 369 3386 510 3456; x_wconf 88' lang='lat' dir='ltr'>Apollonio</span> <span class='ocrx_word' id='word_1_301' title='bbox 534 3385 582 3440; x_wconf 88' lang='lat' dir='ltr'>illo</span> <span class='ocrx_word' id='word_1_302' title='bbox 602 3386 728 3441; x_wconf 87' lang='lat' dir='ltr'>laudatur</span> <span class='ocrx_word' id='word_1_303' title='bbox 746 3402 794 3440; x_wconf 91' lang='lat' dir='ltr'>seu</span> <span class='ocrx_word' id='word_1_304' title='bbox 817 3386 908 3455; x_wconf 89' lang='lat' dir='ltr'>potins</span> <span class='ocrx_word' id='word_1_305' title='bbox 925 3388 1034 3440; x_wconf 84' lang='lat' dir='ltr'>notatur</span> <span class='ocrx_word' id='word_1_306' title='bbox 1053 3386 1151 3439; x_wconf 87' lang='lat' dir='ltr'>Deme-</span> 
     </span>
    </p>

    <p class='ocr_par' dir='ltr' id='par_1_31' title="bbox 104 3473 1150 3543">
     <span class='ocr_line' id='line_1_33' title="bbox 104 3473 1150 3543; baseline -0.001 -16"><span class='ocrx_word' id='word_1_307' title='bbox 104 3474 172 3528; x_wconf 88' lang='lat' dir='ltr'>trius</span> <span class='ocrx_word' id='word_1_308' title='bbox 193 3475 208 3524; x_wconf 88' lang='grc' dir='ltr'><strong><em>ό</em></strong></span> <span class='ocrx_word' id='word_1_309' title='bbox 226 3475 349 3541; x_wconf 82' lang='grc' dir='ltr'><strong><em>Πύκτης,</em></strong></span> <span class='ocrx_word' id='word_1_310' title='bbox 367 3476 388 3525; x_wconf 91' lang='grc' dir='ltr'>λ.</span> <span class='ocrx_word' id='word_1_311' title='bbox 407 3474 467 3528; x_wconf 85' lang='grc'><strong>493.</strong></span> <span class='ocrx_word' id='word_1_312' title='bbox 487 3473 602 3529; x_wconf 86' lang='lat' dir='ltr'>verbum</span> <span class='ocrx_word' id='word_1_313' title='bbox 623 3473 795 3543; x_wconf 83' lang='grc' dir='ltr'><strong><em>ὀπαζόμενος</em></strong></span> <span class='ocrx_word' id='word_1_314' title='bbox 814 3473 926 3543; x_wconf 92' lang='lat' dir='ltr'>interpr.</span> <span class='ocrx_word' id='word_1_315' title='bbox 952 3473 1150 3542; x_wconf 80' lang='grc' dir='ltr'><strong><em>πληρούμενος.</em></strong></span> 
     </span>
    </p>

    <p class='ocr_par' dir='ltr' id='par_1_32' title="bbox 106 3559 1153 3630">
     <span class='ocr_line' id='line_1_34' title="bbox 106 3559 1153 3630; baseline -0.003 -15"><span class='ocrx_word' id='word_1_316' title='bbox 106 3560 158 3615; x_wconf 84' lang='lat' dir='ltr'>Sed</span> <span class='ocrx_word' id='word_1_317' title='bbox 183 3561 213 3614; x_wconf 89' lang='lat' dir='ltr'>in</span> <span class='ocrx_word' id='word_1_318' title='bbox 237 3561 322 3616; x_wconf 90' lang='lat' dir='ltr'>semel</span> <span class='ocrx_word' id='word_1_319' title='bbox 345 3561 492 3616; x_wconf 86' lang='lat' dir='ltr'>nominatis</span> <span class='ocrx_word' id='word_1_320' title='bbox 512 3560 705 3629; x_wconf 87' lang='lat' dir='ltr'>interpretibus</span> <span class='ocrx_word' id='word_1_321' title='bbox 729 3560 822 3614; x_wconf 89' lang='lat' dir='ltr'>nullus</span> <span class='ocrx_word' id='word_1_322' title='bbox 847 3561 933 3630; x_wconf 86' lang='lat' dir='ltr'>magis</span> <span class='ocrx_word' id='word_1_323' title='bbox 957 3559 1091 3614; x_wconf 89' lang='lat' dir='ltr'>ridiculus</span> <span class='ocrx_word' id='word_1_324' title='bbox 1112 3563 1153 3614; x_wconf 90' lang='lat' dir='ltr'>est</span> 
     </span>
    </p>

    <p class='ocr_par' dir='ltr' id='par_1_33' title="bbox 106 3646 1153 3720">
     <span class='ocr_line' id='line_1_35' title="bbox 106 3646 1153 3720; baseline -0.003 -17"><span class='ocrx_word' id='word_1_325' title='bbox 106 3665 186 3718; x_wconf 85' lang='lat' dir='ltr'>quam</span> <span class='ocrx_word' id='word_1_326' title='bbox 212 3649 333 3720; x_wconf 84' lang='lat' dir='ltr'>Agallias</span> <span class='ocrx_word' id='word_1_327' title='bbox 357 3648 584 3717; x_wconf 81' lang='lat' dir='ltr'>Aristophaneus,</span> <span class='ocrx_word' id='word_1_328' title='bbox 615 3647 659 3701; x_wconf 88' lang='lat' dir='ltr'>cui</span> <span class='ocrx_word' id='word_1_329' title='bbox 683 3648 857 3703; x_wconf 89' lang='lat' dir='ltr'>coniectando</span> <span class='ocrx_word' id='word_1_330' title='bbox 882 3665 917 3712; x_wconf 84' lang='lat' dir='ltr'>an</span> <span class='ocrx_word' id='word_1_331' title='bbox 940 3647 1099 3702; x_wconf 82' lang='lat' dir='ltr'>somniando</span> <span class='ocrx_word' id='word_1_332' title='bbox 1124 3646 1153 3700; x_wconf 92' lang='lat' dir='ltr'>in</span> 
     </span>
    </p>

    <p class='ocr_par' dir='ltr' id='par_1_34' title="bbox 106 3733 1152 3879">
     <span class='ocr_line' id='line_1_36' title="bbox 106 3733 1152 3805; baseline 0 -17"><span class='ocrx_word' id='word_1_333' title='bbox 106 3738 223 3790; x_wconf 91' lang='lat' dir='ltr'>mentem</span> <span class='ocrx_word' id='word_1_334' title='bbox 247 3739 371 3805; x_wconf 86' lang='lat' dir='ltr'>venerat,</span> <span class='ocrx_word' id='word_1_335' title='bbox 398 3737 466 3790; x_wconf 89' lang='lat' dir='ltr'>duas</span> <span class='ocrx_word' id='word_1_336' title='bbox 488 3734 570 3788; x_wconf 91' lang='lat' dir='ltr'>urbes</span> <span class='ocrx_word' id='word_1_337' title='bbox 593 3751 609 3788; x_wconf 91' lang='lat' dir='ltr'>a</span> <span class='ocrx_word' id='word_1_338' title='bbox 631 3735 752 3790; x_wconf 85' lang='lat' dir='ltr'>Vulcano</span> <span class='ocrx_word' id='word_1_339' title='bbox 777 3734 806 3788; x_wconf 88' lang='lat' dir='ltr'>in</span> <span class='ocrx_word' id='word_1_340' title='bbox 831 3734 912 3790; x_wconf 82' lang='lat' dir='ltr'>Scuto</span> <span class='ocrx_word' id='word_1_341' title='bbox 936 3735 1021 3789; x_wconf 85' lang='lat' dir='ltr'>lactas</span> <span class='ocrx_word' id='word_1_342' title='bbox 1047 3748 1072 3787; x_wconf 89' lang='grc' dir='ltr'>σ.</span> <span class='ocrx_word' id='word_1_343' title='bbox 1091 3733 1152 3788; x_wconf 86' lang='grc'><strong>490.</strong></span> 
     </span>
     <span class='ocr_line' id='line_1_37' title="bbox 106 3823 533 3879; baseline 0 -3"><span class='ocrx_word' id='word_1_344' title='bbox 106 3824 226 3879; x_wconf 87' lang='lat' dir='ltr'>Athenas</span> <span class='ocrx_word' id='word_1_345' title='bbox 245 3826 273 3878; x_wconf 88' lang='grc'>01</span> <span class='ocrx_word' id='word_1_346' title='bbox 288 3823 446 3878; x_wconf 80' lang='lat' dir='ltr'>Eleusinem</span> <span class='ocrx_word' id='word_1_347' title='bbox 465 3838 533 3877; x_wconf 87' lang='lat' dir='ltr'>esse.</span> 
     </span>
    </p>
   </div>
   <div class='ocr_carea' id='block_1_4' title="bbox 0 0 1494 4576">
    <p class='ocr_par' dir='ltr' id='par_1_35' title="bbox 0 0 1494 4576">
     <span class='ocr_line' id='line_1_38' title="bbox 0 0 1494 4576; baseline 0 0"><span class='ocrx_word' id='word_1_348' title='bbox 0 0 1494 4576; x_wconf 95' lang='lat' dir='ltr'> </span> 
     </span>
    </p>
   </div>
  </div>
 </body>
</html>
