2980 4576
561 325 726 376 Prolegomena.
1127 325 1162 380 99

209 503 343 563 Alterius
375 505 495 580 generis
528 508 599 564 sunt
631 507 798 565 eminentes
834 506 948 582 aliquot
984 511 1015 564 et
1048 504 1165 566 hiantes
1174 509 1226 562 130

124 607 349 680 commissurae,
381 627 455 686 quas
477 609 634 684 pervices
659 611 834 686 saepissime
856 611 1001 686 repetitae
1028 611 1166 671 lectionis

124 712 255 788 reperire
289 714 363 771 mihi
396 715 480 773 usus
513 733 593 788 sum,
627 720 658 774 et
690 716 810 775 easdem
837 720 868 775 et
895 716 1003 775 iisdem
1032 716 1168 791 11111011,

124 817 213 891 tales⁷
236 822 342 877 111111
364 837 426 878 111
448 837 518 878 cum
538 820 634 897 primo
662 839 751 896 opere
771 821 853 880 fusas
877 821 929 880 sed
955 822 1169 897 posterioribus

124 922 203 980 curis
227 923 325 981 illatas
355 941 436 996 esse,
466 925 518 982 ubi
548 942 608 983 uno
637 929 689 983 aut
711 925 803 984 111111
825 926 964 1003 exemplo
987 926 1169 985 demonstra·

123 1045 208 1101 vero,
233 1029 370 1104 quemvis
393 1029 494 1087 statim
517 1047 745 1105 concessurum,
768 1049 822 1090 seu
843 1032 944 1107 potius
965 1031 1065 1108 ipsum
1080 1031 1168 1107 plane

125 1151 285 1192 sensurum
306 1134 438 1193 arbitrer.
487 1132 551 1207 Qua
572 1135 1169 1212 11111111111111101111111101111-

125 1237 169 1295 dit
190 1237 463 1297 eruditissimorum
480 1238 641 1314 lectorum,
662 1259 755 1317 quum
772 1242 925 1301 neminem
946 1241 1088 1300 mediocri
1111 1241 1168 1299 sol-

124 1343 213 1401 lertia
234 1343 267 1401 in
289 1361 325 1402 ea
347 1344 499 1404 offendere
529 1361 590 1403 non
612 1363 700 1420 posse
722 1351 839 1421 putem,
868 1346 942 1406 baec
961 1346 1087 1406 fortasse
1108 1364 1169 1404 una

124 1466 215 1506 causa
236 1448 309 1523 fuit,
332 1450 411 1525 quod
433 1455 576 1525 perpetua
599 1451 693 1509 series
715 1430 902 1524 (terminum,
925 1455 990 1510 tum
1003 1451 1169 1527 praeconiis

124 1553 287 1611 multorum
308 1554 486 1630 scriptorum
508 1560 573 1613 tum
594 1573 648 1613 sua
671 1557 770 1632 specie
792 1556 915 1630 fallens,
938 1557 1004 1616 eius
1025 1558 1069 1616 rei
1091 1557 1170 1652 cogi·

124 1658 269 1717 tationem
291 1659 380 1734 longe
399 1661 569 1733 amovebat,
599 1666 630 1719 et
659 1661 729 1737 quia
753 1680 856 1722 omnes
878 1680 970 1738 prope
998 1667 1104 1721 natura
1126 1661 1171 1721 sio

125 1764 287 1839 comparati
310 1781 429 1838 sumus,
456 1768 490 1823 ut
522 1765 667 1824 dissoluta
695 1767 877 1843 coniungere
907 1767 1050 1826 libentius
1081 1786 1170 1844 quam

124 1868 227 1927 iuncta
245 1868 410 1928 dissolvere
433 1869 613 1929 studeamus.

214 1972 279 2046 Quo
300 1979 434 2049 tempore
456 1974 550 2049 igitur
570 1975 645 2033 haec
671 1975 802 2052 primum
831 1995 900 2035 oum
921 1975 1026 2036 amicis
1049 1977 1170 2054 quibus-

125 2078 194 2136 dam
208 2078 478 2152 communicabam,
501 2081 591 2154 probe
611 2080 750 2154 memini,
773 2085 918 2157 quantum
940 2081 986 2139 illi
1001 2081 1171 2140 diffiderent

126 2182 347 2258 suspicionibus
373 2183 465 2257 mais,
494 2188 597 2260 totque
628 2185 813 2242 saeculorum
846 2185 1111 2261 praescriptionem
1140 2191 1171 2245 et

125 2288 281 2346 silentium
304 2294 496 2364 opponerent.
541 2288 646 2347 Paullo
668 2294 736 2364 post
758 2290 790 2347 in
809 2307 870 2348 uno
889 2291 1021 2349 locorum
1042 2290 1169 2363 illorum,

124 2393 157 2451 in
180 2411 239 2470 quo
261 2397 395 2452 suturam
417 2393 598 2453 adventitiae
621 2372 694 2453 artis
713 2394 805 2454 latere
822 2395 990 2470 suspicatus
1013 2414 1107 2470 eram,
1131 2414 1170 2456 ex

125 2497 277 2572 insperato
307 2497 522 2574 qualiscunque
550 2499 709 2558 auctoritas
739 2500 851 2558 veteris
882 2500 1074 2559 Grammatici
1101 2517 1170 2558 con-

124 2603 259 2661 iecturae
286 2621 369 2662 meae
400 2604 554 2663 succurrit.
605 2604 661 2663 Est
688 2605 715 2663 is
743 2605 827 2664 locus
854 2605 889 2663 Il.
913 2619 943 2662 σ.
968 2606 1170 2680 stc-368„

124 2715 160 2766 ut
188 2707 345 2767 lenissime
379 2708 490 2783 dicam,
530 2709 639 2784 frigide
673 2714 704 2767 11
737 2709 839 2785 inepte
872 2709 973 2769 iacens
1006 2711 1085 2770 inter
1122 2727 1170 2769 res

3 2805 4 2874 ἶ
75 2832 79 2839 “
124 2812 322 2872 Troianorum
352 2813 590 2891 Graecommque
620 2819 652 2873 et
679 2815 759 2873 inter
787 2813 921 2874 Thetidis
951 2815 1112 2874 adveutum
1137 2815 1169 2873 in

124 2917 299 2994 Olympum.
354 2918 399 2978 De
431 2920 498 2978 istis
533 2921 671 2978 versibus
706 2920 739 2977 in
777 2921 1009 2980 accuratioribus
1043 2921 1170 2980 Scholiis

123 3025 216 3101 longa
231 3024 393 3099 disputatio
408 3029 548 3102 excerpta
562 3031 608 3085 est
622 3025 768 3084 Zenodori
783 3026 950 3098 cuiusdam,
965 3026 1046 3084 unde
1065 3022 1068 3098 Ι
1084 3041 1169 3102 prae·
1180 3029 1227 3081 131

123 3130 250 3205 cipuum
273 3129 351 3206 quod
374 3129 490 3203 tollam,
521 3130 578 3190 hoc
609 3135 669 3203 est,
699 3147 750 3189 eos
780 3147 887 3189 versus
909 3147 969 3188 non
993 3148 1032 3188 ex
1053 3129 1170 3204 vulgari

122 3234 370 3310 interpolatione,
408 3253 465 3294 nec
497 3254 515 3293 a
547 3235 745 3295 Grammatico
777 3235 892 3312 aliquo,
929 3235 983 3294 sed
1014 3254 1032 3292 a
1064 3236 1170 3312 primis

123 3333 376 3410 διασκευασταῖς
399 3339 514 3398 duabus
535 3340 702 3418 rhapsodiis
717 3340 874 3399 nectendis
889 3340 1018 3399 adiectos
1038 3335 1169 3421 111197).

215 3518 520 3587 911111111111111
542 3520 641 3571 τοῦτον
662 3519 711 3571 τὸν
732 3518 829 3573 τόπον,
867 3519 908 3571 De
932 3518 982 3571 hoo
1008 3517 1170 3572 verbodic-

125 3607 278 3670 σκευιίζειν,
305 3605 376 3674 quod
402 3606 472 3660 male
499 3605 604 3675 accepit
625 3606 690 3660 Mer.
711 3606 823 3660 Casaub.
844 3607 876 3658 de
901 3606 979 3659 Hom.
1000 3604 1168 3659 11111Η1011.

124 3711 151 3760 p.
171 3695 229 3748 167.
250 3693 518 3759 01111111111111101,
545 3693 636 3762 paullo
654 3711 718 3748 mox
737 3695 899 3750 videbimus.
937 3692 1077 3763 Scholion,
1097 3697 1169 3750 unde

124 3780 195 3834 illud
214 3781 374 3848 didicimus,
398 3780 541 3850 Porphyrii
564 3782 606 3834 est
633 3781 727 3850 [huius
748 3783 821 3835 enim
843 3797 941 3835 nomen
959 3782 1170 3852 praescripserat

953 3876 995 3936 7*
