3048 4588
354 331 389 386 50
798 331 961 384 Prolagornenn.

353 514 455 572 nidem
484 518 516 573 et
543 513 757 591 Epicharmum
785 515 909 572 fuerunt
938 514 1027 588 lyrici
1047 519 1168 591 poetae,
1198 519 1229 574 et
1249 515 1345 574 Ionici
1366 518 1399 574 et

352 618 479 692 Aeolioi,
510 619 562 695 qui
588 619 641 677 illo
662 618 843 677 adminiculo
871 618 1075 700 faciendorum
1098 619 1271 678 Carminum
1296 636 1398 678 carere

352 723 405 781 vix
426 727 557 800 possent.
601 722 738 800 Denique
759 719 801 780 in⁸
812 741 848 782 ea
870 722 1006 797 civitate,
1028 741 1104 800 quae
1123 724 1281 800 antiquum
1295 723 1398 799 alpha-

352 828 455 887 betum
477 828 647 887 diutissime
670 829 810 902 retinuit,
834 826 953 905 Olymp.
969 828 1112 888 XXXIX.
1134 829 1232 888 minor
1251 846 1398 888 numerus

351 933 518 992 litterarum
542 933 661 992 suffecit
675 933 820 992 Draconis
841 933 961 1008 legibus
981 933 1138 1010 ponendis.
1182 932 1295 1007 Quidni
1315 933 1398 992 idem

352 1056 495 1098 numerus
521 1038 674 1098 suffecerit
702 1038 842 1096 maximis
863 1038 1083 1112 voluminibus,
1109 1039 1136 1097 si
1157 1038 1245 1099 modo
1274 1056 1309 1097 ea
1331 1043 1399 1096 tum

352 1143 462 1203 usitata
484 1143 621 1217 fuenmt,
644 1143 709 1202 sive
732 1161 770 1202 ex
791 1143 937 1219 pellibus,
960 1143 1023 1202 sive
1045 1161 1083 1202 ex
1099 1161 1213 1220 papyro
1226 1143 1398 1218 Aegyptia?
1507 1201 1508 1214 ,

350 1247 472 1307 Etiam
493 1248 607 1325 aliquot
636 1248 724 1306 annis
754 1252 823 1306 ante
845 1247 989 1307 Draconis
1014 1248 1223 1324 magistratum
1251 1247 1397 1307 beneficio
1507 1285 1508 1292 1

351 1352 565 1412 Psammetichi
598 1351 754 1429 Aegyptus
781 1352 930 1428 patefacta
962 1356 1026 1411 orat
1059 1352 1246 1412 commerciis
1279 1351 1397 1426 Ionum,

351 1461 387 1516 ut
406 1457 577 1517 facultatem
592 1453 707 1533 'papyri
729 1457 838 1516 habere
861 1457 1020 1533 potuerint.
1067 1457 1123 1516 Oui
1145 1458 1334 1516 coniecturas
1356 1474 1396 1514 ne

352 1561 496 1620 historica
509 1561 584 1621 fides
600 1560 734 1635 deesset,
750 1579 840 1638 quam
853 1561 957 1638 paucis
971 1561 1071 1620 verbis
1085 1578 1161 1638 opus
1179 1561 1287 1621 fuisset
1301 1561 1397 1620 Hero

352 1666 436 1740 doto,
458 1665 518 1725 nisi
533 1665 656 1726 Graecis
671 1667 842 1743 scripsisset
857 1666 944 1725 solis!
989 1665 1078 1724 Nunc
1096 1667 1130 1724 in
1150 1667 1257 1743 primis
1271 1666 1397 1726 molesta

352 1776 400 1830 est
422 1771 586 1830 obscuritas
616 1770 743 1830 duorum
770 1771 969 1844 saeculorum,
998 1771 1095 1830 octavi
1123 1775 1155 1829 et
1183 1770 1304 1846 septimi
1326 1774 1396 1828 ante

353 1875 435 1951 Obn,
454 1876 487 1934 in
510 1877 619 1953 quibus
641 1876 694 1934 illa
715 1893 790 1952 gens
812 1875 961 1951 igniculos
984 1875 1180 1952 politissimus
1202 1875 1398 1941 humanitatis

352 1979 465 2038 dudum
481 1986 636 2058 susceptos
651 1980 772 2056 egregie
793 1980 932 2055 protulit,
955 1984 987 2039 et
1001 1981 1039 2039 ad
1054 1998 1173 2040 omnem
1188 1979 1399 2040 excellentiam

352 2085 461 2144 artium
495 2085 684 2144 admirabiles
717 2102 895 2160 progressus
928 2084 1008 2144 lecit.
1063 2084 1154 2160 Nam,
1185 2103 1224 2144 ne
1260 2084 1315 2144 de.
1329 2084 1398 2144 aliis

352 2189 491 2267 plurimis
510 2190 657 2250 institutis
677 2189 790 2264 dicam,
820 2207 947 2268 quorum
976 2190 1091 2248 semina
1119 2190 1153 2248 in
1175 2191 1243 2250 istis
1263 2190 1397 2250 tenebris

351 2295 428 2355 iacta
443 2300 529 2370 sunt,
551 2295 585 2353 in
600 2295 653 2354 illa
666 2295 797 2354 maxime
817 2295 951 2368 saecula,
975 2293 1240 2355 aLacedaemonio
1256 2294 1397 2370 Lycurgo

352 2401 503 2476 proxima,
531 2400 604 2460 artis
640 2400 811 2476 scriptoriae
842 2400 974 2477 primum
1006 2401 1211 2460 notabiliorem
1241 2400 1397 2477 publicum

352 2524 442 2566 usum
461 2510 491 2565 et
511 2506 590 2565 ultra
610 2505 821 2583 inscriptiones
842 2523 1034 2581 progressum
1057 2505 1216 2580 incidisse,
1238 2509 1304 2563 tum
1327 2523 1396 2564 oon-

352 2610 456 2670 ieotari
483 2629 544 2670 non
566 2616 695 2686 temere,
727 2615 793 2670 tum
823 2629 862 2669 ex
892 2609 1046 2669 nonnullis
1082 2610 1220 2686 vestigiis
1253 2609 1395 2668 historiae

310 2708 394 2774 66111
423 2714 552 2790 intelligi
578 2715 664 2789 licet,
696 2718 731 2774 ut
761 2713 929 2791 perspicius
964 2713 1145 2774 testimoniis
1175 2714 1276 2772 minus
1305 2732 1396 2790 aegre

353 2837 515 2880 careamus

814 2945 949 3057 niun.⁴

441 3150 501 3211 Sed
522 3150 595 3209 haec
625 3149 693 3226 ipsa
723 3149 850 3226 vestigia
882 3149 1024 3208 historiae
1054 3154 1199 3224 arguunt,
1232 3149 1312 3208 inter
1344 3147 1397 3206 illa

352 3254 467 3330 publici
497 3271 572 3316 usus
597 3253 685 3312 initia
717 3258 747 3312 et
777 3253 932 3330 vulgarem
965 3253 1215 3313 consuetudinem
1247 3251 1398 3312 scribendi

351 3349 556 3437 librorumque
572 3358 822 3418 conficiendorum
838 3377 941 3419 curam
958 3359 1054 3418 multo
1071 3357 1200 3434 longius,
1215 3376 1304 3435 quam
1314 3375 1398 3417 nuno

352 3464 512 3542 quisquam
539 3462 706 3538 existimet,
741 3463 934 3524 intervallum
969 3463 1160 3522 interiectum
1189 3462 1292 3521 fuisse.
1337 3463 1398 3522 Hic

352 3569 484 3645 primum
512 3568 637 3628 maximi
663 3569 807 3628 momenti
827 3574 887 3643 est,
918 3569 999 3646 quod·
1026 3568 1144 3628 nullum
1165 3586 1292 3645 usquam
1315 3568 1398 3628 litte-

352 3693 454 3734 rarum
475 3692 515 3734 ex
537 3674 596 3734 isto
622 3691 732 3750 genere
756 3679 985 3734 monumentum
1014 3677 1260 3734 commemoratur
1281 3672 1397 3748 Lyeur—
1435 3671 1440 3682 ‘

353 3779 403 3854 gei
424 3783 477 3838 aut
498 3779 634 3856 proxime
656 3779 844 3855 insequentis
859 3780 939 3855 aevi,
961 3796 1023 3837 non
1038 3779 1179 3857 epistola,
1202 3794 1263 3836 non
1281 3781 1398 3854 poema,
