3048 4588
317 336 352 390 60
761 337 924 391 Prolegcmena

317 516 378 576 nisi
400 518 600 577 narrationem
619 536 705 578 suam
718 537 758 579 ex
778 519 887 580 iisdem
901 522 1114 582 Alexandrinis
1133 522 1270 601 reliquiis
1293 523 1361 582 sub·

316 621 457 698 legisset,
491 622 626 682 vitiatam
658 642 729 683 mox
761 625 880 686 fabellis
912 627 1057 686 seriorum
1087 627 1361 688 Grammaticorum.

317 725 364 785 Ex
385 727 513 804 Iosepho
537 727 620 787 enim
640 728 709 788 illos
730 748 797 789 eam
820 749 881 790 non
903 732 1069 808 sumpsisse
1091 733 1284 793 manifestim
1305 735 1360 792 est.

319 831 460 891 Ceterum
479 836 625 910 quantum
646 834 838 894 tribuendum
860 835 901 896 sit
923 837 977 896 tali
998 837 1109 897 iudicio
1130 841 1282 912 veterum,
1307 855 1362 913 pro

318 956 351 998 se
372 938 500 1016 quisque
522 938 688 1015 expendat:
710 939 786 998 mibi
806 939 864 1000 etsi
882 941 1092 1017 gravissimum
1113 942 1233 1002 videtur
1253 943 1363 1020 partim

317 1060 441 1118 perse,
470 1043 580 1120 partim
611 1044 681 1120 quia
708 1043 770 1104 illis
797 1044 883 1120 plura
909 1045 1086 1106 Homericae
1115 1047 1205 1107 aetati
1226 1047 1363 1124 proxima

318 1147 456 1207 Carmina
488 1148 521 1207 in
550 1148 687 1208 manibus
719 1154 818 1223 crant,
848 1149 882 1208 in
903 1151 960 1210 hae
989 1152 1164 1228 quaestione
1186 1151 1363 1230 praeiudicii

248 1284 250 1294 ·
317 1253 418 1329 potius
440 1271 530 1330 quam
542 1252 653 1338 iudicii
674 1253 739 1313 loeo
762 1258 834 1314 esto.
879 1253 1027 1328 Quoniam
1049 1256 1132 1316 enim
1152 1257 1234 1335 ipsos
1255 1274 1363 1317 versus

317 1358 477 1433 habemus,
505 1358 539 1416 in
560 1358 670 1436 quibus
691 1363 775 1419 rates
796 1360 835 1419 de
858 1360 1014 1438 scriptoria
1034 1366 1097 1422 arte
1125 1367 1178 1421 aut
1199 1361 1288 1421 silere
1311 1365 1364 1420 aut

316 1462 421 1522 testmi
451 1466 589 1540 putatur,
621 1467 723 1523 utrum
744 1482 850 1524 verum
872 1465 928 1540 sit,
957 1483 997 1524 ex
1026 1467 1117 1528 certis
1145 1466 1363 1544 interpretandi

244 1553 246 1560 ’
316 1567 436 1644 legibus
454 1567 617 1628 diiudicare
640 1572 776 1628 nostrum
797 1573 852 1630 est.

789 1790 892 1857 XIX.
919 1825 922 1830 ·

404 1976 444 2035 At
467 1978 627 2036 occurrunt
641 1974 727 2036 nobis
742 1975 893 2050 nonnulli,
916 1977 1052 2053 opposita
1065 1977 1190 2054 ancipiti
1205 1977 1236 2036 vi
1251 1977 1365 2037 silentii

317 2081 350 2140 in
372 2081 429 2140 hoc
449 2080 590 2146 historico
619 2098 739 2157 genere.
784 2081 822 2140 ln
849 2099 908 2158 quo
934 2081 986 2141 isti
1016 2099 1088 2141 sane
1115 2082 1221 2142 dicunt
1242 2082 1365 2160 aliquid,

318 2185 370 2246 sed
390 2203 452 2245 non
473 2189 607 2261 tantum,
637 2189 783 2262 quantum
813 2185 871 2244 sibi
896 2185 1038 2244 videntur
1059 2186 1167 2246 dicere.
1212 2185 1267 2246 Est
1285 2187 1366 2247 haud

317 2291 407 2350 dubie
440 2290 596 2350 silentium
618 2289 768 2368 quoddam
796 2289 909 2348 nullius
940 2290 1085 2349 momenti
1114 2294 1144 2350 et
1170 2291 1204 2350 in
1226 2295 1364 2351 neutram

316 2399 433 2472 partem
460 2394 654 2471 trahendum
688 2397 792 2454 contra
823 2394 906 2452 aliud
939 2398 986 2453 est
1019 2398 1159 2471 argutum
1182 2399 1227 2470 et,
1256 2400 1291 2455 ut
1320 2396 1363 2456 ita

316 2499 430 2575 dicam,
453 2499 570 2575 vocale,
593 2499 672 2577 quod
695 2499 722 2558 si
736 2517 797 2558 non
816 2503 1007 2576 expugnatu
1021 2499 1174 2560 diversum
1187 2497 1364 2560 testantium

316 2605 503 2679 auctoritate,
526 2605 576 2664 vel
597 2623 646 2680 ea,
670 2622 745 2682 quae
769 2621 872 2664 omnes
887 2604 1021 2663 omnium
1035 2605 1226 2664 auctoritates
1243 2605 1362 2682 frangit,

316 2709 444 2784 ratione,
472 2710 552 2786 apud
581 2709 851 2787 prudentissimum
880 2727 1029 2787 quemque
1059 2727 1179 2786 semper
1199 2710 1364 2786 plurimum

316 2815 418 2874 valuit
462 2815 527 2874 Iam
549 2814 576 2874 si
598 2815 674 2873 forte
697 2813 757 2873 tale
779 2832 840 2873 non
858 2813 949 2873 fuerit
970 2814 1046 2873 illud
1067 2814 1206 2889 Homeri,
1233 2815 1366 2874 libenter

316 2921 473 2980 audiemus
494 2937 557 2994 eos,
588 2938 606 2979 a
634 2918 743 2997 quibus
772 2919 955 2978 remittimur
976 2919 1014 2978 ad
1038 2919 1113 2980 alios
1139 2924 1257 2996 poetas,
1287 2928 1386 2998 quos‘

317 3045 410 3105 quum
432 3025 546 3103 liqueat
572 3024 759 3084 tutissimam
785 3024 925 3084 habuisse
946 3029 1042 3084 artem
1065 3024 1231 3100 scribendi,
1259 3043 1367 3084 eorum,

316 3131 420 3210 plures
449 3134 551 3189 tamen
584 3147 734 3207 nusquam
763 3129 846 3188 illius
875 3129 1059 3189 mentionem
1088 3130 1185 3190 iacere
1214 3129 1362 3191 videmus.

317 3215 503 3314 Quamquam
532 3235 634 3311 paullo
661 3234 781 3294 diversa
807 3234 937 3294 conditio
966 3234 1085 3295 videtur
1107 3252 1174 3294 esse
1202 3235 1309 3294 horum
1331 3239 1365 3294 et

316 3341 533 3401 Hesiodeorum
555 3339 736 3398 Carminum.
780 3339 858 3398 Nam
888 3359 982 3417 quum
1010 3340 1043 3399 in
1070 3344 1153 3400 tanta
1173 3339 1363 3416 longitudine

315 3447 436 3506 illorum
468 3450 513 3505 tot
545 3444 798 3505 consuetudinum
827 3448 859 3504 et
891 3445 1052 3504 celebrium
1087 3445 1196 3504 artium
1225 3444 1362 3521 picturae

316 3553 448 3612 mtextae
472 3551 548 3620 sint,
574 3550 607 3609 in
629 3549 736 3628 primis
758 3567 875 3624 earum,
903 3568 979 3628 quae
999 3550 1051 3609 illo
1073 3554 1207 3628 tempore
1230 3549 1363 3627 aliquam

316 3655 577 3716 admirabilitatem
609 3673 650 3714 ex
682 3653 814 3714 novitate
838 3655 999 3729 haberent,
1026 3654 1060 3713 in
1081 3653 1238 3715 Hesiodeis
1259 3657 1363 3713 autem

316 3779 425 3836 magna
445 3779 515 3837 pars
537 3759 717 3820 domesticae
739 3758 916 3837 disciplinae
938 3759 1086 3835 tradatur,
1108 3761 1172 3819 iure
1194 3759 1362 3836 meritoque

1508 217 1511 358 1

1508 365 1511 458 1
