3048 4588
593 350 758 402 Prolegomena.
1179 348 1197 402 9

154 550 194 590 ne
226 531 298 609 quid
326 532 364 592 de
388 525 391 611 i
416 531 546 591 auctario
580 549 728 606 nugarum
758 531 911 592 doctarum
953 536 984 592 et
1012 529 1240 590 indoctarum13
1361 551 1367 558 ·

154 636 267 711 dicam,
290 655 348 715 quo
370 637 444 696 haec
464 654 581 714 quoque
605 635 722 696 Scholia
744 655 851 698 aevum
873 655 961 697 suum
983 640 1139 697 testantur.

243 739 355 816 Quare,
383 745 418 800 ut
444 759 525 800 nunc
555 759 587 800 se
610 759 658 800 res
680 741 780 816 habet,
812 761 851 802 ex
879 759 937 819 quo
965 741 1145 803 Graecorum
1165 765 1200 805 ac

153 845 327 905 Latinorum
349 845 466 904 litterae
492 845 526 903 in
547 846 720 922 popularem
751 864 859 922 gyrum
881 845 1005 905 coartari
1027 854 1199 924 coeperunt,

151 951 240 1010 ¹valde
263 950 428 1010 verendum
450 955 510 1025 est,
533 969 572 1010 ne
594 951 693 1026 operi,
722 950 801 1028 quod
821 951 953 1010 maxime
976 951 1077 1010 deficit
1098 953 1131 1011 in
1153 954 1199 1030 iis,

155 1073 229 1132 quae
252 1055 343 1132 vulgo
375 1055 569 1132 cupidissime
601 1055 799 1132 anquirimus,
830 1056 883 1114 rix
911 1055 1005 1133 aliqui
1027 1057 1201 1134 contingant

153 1159 356 1238 elonginquo
378 1165 570 1234 venerantes,
603 1161 730 1220 lectores
764 1161 915 1239 perpauci.
959 1160 1066 1239 Neque
1087 1161 1135 1236 id,
1166 1166 1201 1222 ut

153 1264 241 1325 hodie
272 1264 354 1343 loqui
389 1265 500 1340 solent,
532 1264 594 1342 legi
624 1270 737 1343 potest,
771 1266 891 1325 assidue
925 1267 1060 1340 tractmi,
1090 1268 1200 1342 excuti,

153 1388 222 1429 cum
248 1370 373 1447 reliquis
403 1371 554 1445 omnibus,
590 1370 698 1448 quibus
719 1374 853 1430 vetustas
875 1372 1022 1448 pepercit,
1057 1371 1200 1431 subsidiis

154 1476 269 1536 curiose
302 1475 430 1534 conferri
459 1475 563 1552 poscit.
610 1474 695 1549 Quod
724 1494 782 1553 quo
806 1475 874 1552 quis
897 1476 1002 1536 fecerit
1028 1477 1199 1551 studiosius,

154 1599 189 1640 eo
215 1581 312 1656 magis
344 1579 494 1656 intelligat
526 1584 652 1656 oportet,
683 1599 723 1640 ex
751 1585 861 1658 quanto
893 1581 1048 1658 naufragio
1080 1583 1114 1641 in
1145 1583 1201 1642 hoc

154 1686 303 1746 doctrinae
321 1687 391 1745 orbe
414 1703 503 1762 quam
526 1703 620 1760 pauca
648 1685 686 1744 ad
708 1703 762 1745 nos
782 1686 920 1762 perlapsa
939 1687 1107 1763 fragmenta
1130 1687 1199 1762 sint,

153 1791 247 1850 instar
269 1790 432 1850 forulorum
453 1790 566 1866 aliquot
588 1808 627 1850 ex
655 1790 833 1850 bibliotheca
851 1790 976 1866 ingenti.
1022 1789 1087 1864 Qua
1110 1792 1147 1850 de
1168 1809 1201 1850 re

153 1900 270 1972 postea,
304 1895 331 1954 si
357 1895 457 1955 locum
487 1894 524 1953 de
547 1895 722 1954 Homericae
751 1895 888 1955 lectionis
910 1896 1042 1955 fontibus
1065 1897 1200 1972 attigere,

154 2000 289 2076 pluribus
325 2000 485 2060 dicendum
522 2000 587 2059 erit.
633 2000 691 2060 Sed
722 2001 858 2077 quamvis
890 2018 928 2060 ue
960 2000 1051 2060 unius
1078 2001 1202 2078 quidem

154 2103 316 2165 celebrium
339 2104 516 2164 criticorum
538 2110 675 2165 veterum
701 2106 833 2182 integras
855 2106 1126 2165 animadversiones
1150 2111 1202 2166 aut

154 2211 358 2270 recensionem
379 2227 605 2286 recuperemus,
632 2229 706 2287 quas
739 2215 859 2287 propter
880 2211 977 2270 varias
1000 2229 1104 2271 causas
1127 2211 1202 2270 mihi

153 2315 317 2376 verisimile
339 2333 399 2374 non
421 2322 484 2390 est,
508 2316 639 2392 genuino
662 2333 715 2375 suo
735 2316 839 2376 habitu
858 2317 891 2374 in
910 2316 947 2374 V.
971 2321 1002 2376 et
1024 2316 1076 2374 Vi
1100 2334 1201 2376 saecu-

153 2421 216 2479 lum
238 2419 431 2497 perdurasse,
453 2421 624 2498 passimque
647 2421 680 2479 in
702 2420 822 2496 vulgato
845 2424 932 2480 textu
954 2419 1118 2496 scripturae
1141 2421 1203 2480 sint

154 2526 218 2586 iure
251 2530 425 2601 suspectae,
466 2543 541 2602 quas
574 2525 661 2585 nobis
692 2525 775 2583 nulla
810 2525 921 2584 notatio
956 2525 1109 2602 sollicitet;
1144 2525 1203 2584 alia

153 2649 275 2708 prorsus
307 2631 438 2706 dese1ta,
472 2649 548 2709 quae
579 2631 771 2690 aretaribus
801 2630 921 2690 diverse
951 2630 1099 2690 illustrata
1134 2648 1203 2690 esse

153 2736 273 2796 aliunde
296 2735 410 2795 discere
439 2735 488 2794 vel
513 2735 659 2811 suspicari
687 2735 792 2812 liceat;
822 2753 914 2812 quum
933 2735 1092 2810 nonnulle,
1127 2754 1202 2813 quae

153 2841 317 2917 interprete
339 2859 400 2898 non
422 2841 565 2916 egebant,
590 2841 694 2900 obruat
716 2838 810 2900 moles
830 2840 1124 2899 commentariorum:
1149 2840 1202 2900 sed

155 2945 289 3022 quamvis
322 2945 396 3004 haec
429 2948 461 3004 et
493 2945 604 3004 maiora
637 2944 805 3019 desideres,
841 2949 943 3004 tamen
975 2961 1091 3018 eorum,
1126 2962 1202 3021 quae

154 3050 253 3124 docte,
284 3053 385 3124 acute,
413 3049 569 3126 ingeniose
599 3054 712 3124 notata,
743 3067 818 3126 quae
833 3111 835 3118 ,
850 3049 966 3108 utiliter
995 3048 1203 3108 animadversa

153 3159 204 3213 aut
232 3173 273 3213 ex
295 3155 505 3232 antiquissimo
531 3150 534 3236 l
559 3172 632 3214 aevo
664 3159 825 3230 propagata
859 3160 943 3229 sunt,
977 3155 1050 3213 adeo
1082 3157 1202 3230 superat
1212 3157 1246 3210 14

154 3260 252 3336 copia,
282 3263 317 3318 ut
346 3259 473 3337 quisque
497 3259 598 3318 videat
625 3259 681 3317 hoc
710 3259 850 3318 thesauro
872 3259 988 3318 recluso
1011 3263 1126 3318 tantum
1150 3258 1201 3316 ad-

154 3363 281 3424 iumenti
303 3362 432 3424 Homero
465 3364 502 3422 ad
533 3369 714 3438 accuratam,
749 3369 780 3422 et
810 3363 944 3423 euticam
968 3368 999 3422 et
1020 3362 1201 3438 historicam,

154 3469 428 3546 interpretationem
462 3469 598 3543 allatum,
634 3473 779 3546 quantum
812 3469 850 3527 ad
881 3468 1006 3528 aliorum
1037 3472 1201 3544 poetarum,

155 3592 227 3651 quos
249 3574 341 3634 iidem
356 3573 553 3633 Alexandrini
568 3577 782 3646 mactaverunt,
805 3573 949 3632 habemus
963 3573 1088 3631 nullum.
1121 3573 1201 3649 Ergo

155 3679 293 3739 desinant
314 3678 471 3756 aliquando
495 3676 689 3738 Orientalium
714 3659 881 3736 litterarum
903 3677 1055 3752 magistri,
1085 3677 1202 3736 Masona

156 3801 207 3842 sua
226 3783 362 3861 superbi,
394 3783 493 3842 dolere
514 3783 664 3842 fortunam
686 3786 835 3856 nostram,
865 3781 943 3859 quod
965 3781 1051 3842 nobis
1074 3782 1200 3859 scriptu-
