2984 4580
555 352 718 404 Prolsgcmena.
1107 356 1156 410 201

15 559 17 624 ζ
114 538 183 597 dem
204 537 339 614 putabat,
359 536 423 596 suis
445 536 519 596 10010
538 536 721 614 reponendo,
741 535 934 597 Homericum
951 557 1059 617 eorpus
1075 557 1159 601 cura·

112 644 202 703 visse.
240 641 285 701 Ae
306 641 437 717 primum
457 641 525 719 quis
547 641 715 717 existimet,
738 659 844 702 versus
866 660 931 718 000,
955 662 1030 722 quos
1052 643 1159 706 Eusta-

15 719 16 802 Ῑ
112 748 195 808 thius
224 750 254 806 01
276 746 458 807 scholiastae
486 747 599 822 passim
631 764 670 805 ex
698 747 766 806 aliis
788 748 1014 809 recessionibus
1036 749 1158 825 addunt,

15 837 16 840 ¹
110 853 291 932 posteriores
320 870 424 913 omnes
454 870 522 913 esse
552 847 795 933 Aristaromffb
825 871 864 913 ne
893 854 965 931 quid
994 854 1092 914 dicam
1120 855 1158 915 de

199 1090 245 1158 45)
272 1089 341 1144 Sunt
359 1090 425 1145 adeo
449 1089 479 1143 in
496 1089 552 1145 illis
571 1105 627 1144 vss.
646 1090 782 1160 nonnulli,
808 1107 875 1160 quos
898 1091 1039 1161 rhapsodis
1064 1093 1158 1146 eadem

109 1177 416 1249 000010000101000,
439 1176 484 1231 vel
502 1177 616 1237 maiore,
643 1195 725 1247 quam
749 1178 811 1232 aliis
834 1179 997 1234 auctoribus.
1033 1179 1072 1234 Ut
1091 1196 1157 1249 qua-

108 1269 173 1321 tuor
190 1266 240 1320 hos
259 1282 300 1334 ap.
318 1264 395 1319 Eust.
415 1265 455 1334 [et
471 1265 501 1318 in
519 1263 607 1320 Schol.
627 1265 725 1333 victl,
744 1282 859 1335 quorum
872 1266 1013 1320 Ruhnken.
1032 1266 1158 1322 meminit

108 1354 143 1409 ad
162 1352 264 1422 Hymn.
282 1352 312 1404 in
330 1351 388 1406 Cer.
408 1349 481 1420 los,
504 1351 619 1406 iniectos
637 1354 698 1421 post
717 1372 740 1406 ν.
759 1353 834 1421 430,
857 1355 884 1406 01
902 1353 969 1408 duos
987 1356 1048 1423 post
1071 1374 1093 1406 ο.
1113 1354 1155 1409 30.

83 1499 87 1520 ⁴
109 1441 180 1510 [post
199 1459 222 1493 ο.
242 1439 288 1507 21,
314 1439 347 1494 ci.
366 1438 455 1494 Schol.
474 1439 507 1492 V.
528 1441 556 1492 et
572 1439 695 1494 Eustath.
720 1457 746 1508 p.
765 1439 863 1509 1003.],
886 1440 1041 1496 Hesiodicis
1059 1441 1156 1511 Theog.

107 1526 170 1582 498.
190 1528 219 1580 01
236 1524 298 1580 aliis
316 1525 416 1581 tabulis
434 1525 502 1580 satis
523 1525 641 1593 similesi
660 1527 719 1579 tum
736 1527 903 1582 miserrimos
916 1532 972 1583 tres
985 1531 1047 1598 post
1060 1529 1156 1599 Odyss.

15 1679 16 1682 Ἴ
107 1618 130 1670 l,
144 1614 206 1669 438.
228 1613 282 1682 [vel
300 1616 361 1683 post
378 1616 401 1668 l.
414 1613 499 1683 437.],
516 1629 583 1682 quos
602 1614 724 1668 servarit
740 1613 830 1670 Schol.
844 1615 965 1685 Emipid.
986 1616 1084 1684 [Orest.
1097 1617 1156 1672 249.

107 1703 162 1758 Sed
176 1699 474 1767 010100111100011111
507 1699 603 1755 Plures
621 1701 704 1756 huius
725 1704 816 1770 notae,
834 1704 880 1757 vel
897 1704 955 1759 0010
972 1705 1024 1759 fide
1039 1705 1157 1760 diobola-

15 1831 17 1872 ,
107 1792 182 1844 rium
196 1789 333 1858 codicum,
353 1788 471 1844 adscivit
486 1787 647 1857 Barnesius,
666 1789 769 1858 priores
784 1790 894 1859 quidem
908 1791 938 1846 in
953 1811 976 1848 o.
990 1794 1017 1846 et
1035 1813 1058 1846 ο.
1075 1793 1157 1848 etiarn

15 1873 17 1914 ³
106 1877 237 1947 11000110,
255 1876 427 1930 librariorum
444 1877 514 1930 totos
527 1891 623 1931 versus
639 1876 823 1931 emittentium
836 1878 1028 1948 negligentiam
1043 1896 1157 1949 querens

108 1967 135 2020 01
144 1979 232 2034 prava
242 1963 346 2018 iudicia
358 1962 527 2018 criticorum.
552 1963 636 2017 Recte
646 1966 804 2032 utrumque:
817 1965 872 2019 nisi
884 1966 934 2019 sub
947 1983 1033 2020 unum
1044 1968 1157 2036 adspec-

15 2091 17 2120 ,
107 2055 168 2106 tum
192 2051 281 2121 posita
305 2051 408 2104 indicia
426 2066 517 2104 rerum
535 2051 664 2105 aliorsum
683 2053 822 2104 flecterent
840 2037 961 2107 animum
980 2047 1156 2123 suspicacem.

15 2123 17 2158 ᾖ
107 2142 166 2196 Iam
196 2139 296 2194 vellem
325 2137 433 2206 audire,
469 2137 535 2207 quid
568 2138 648 2193 docta
677 2137 777 2191 mulier
807 2138 961 2194 iudicatura
991 2140 1102 2206 fuisset,
1133 2142 1157 2196 si

108 2243 203 2282 omnes
230 2226 295 2281 elim
322 2242 338 2280 a
364 2224 472 2280 Oriticis
500 2225 617 2279 reiectas
651 2225 873 2294 interpolationes
902 2243 974 2281 nunc
1006 2230 1098 2282 essent
1128 2229 1157 2282 in

112 2317 199 2369 textu.
250 2315 287 2366 At
316 2313 461 2383 quaerebat
490 2329 523 2368 ea
545 2316 654 2379 poetam
680 2311 827 2381 1011090001,
858 2330 939 2384 quem
965 2330 1014 2369 nos
1042 2315 1157 2386 requiri-

16 2411 17 2482 j
112 2419 182 2456 1000.
227 2401 304 2468 Quod
332 2403 422 2456 antem
451 2399 575 2455 librarios
607 2401 709 2469 culpat,
737 2415 805 2470 quos
831 2401 915 2456 dicit?
946 2418 1060 2471 quorum
1088 2404 1156 2457 tem·

16 2513 17 2516 ¹
112 2489 229 2560 porum?
271 2489 342 2543 Nam
367 2487 431 2543 illae
457 2488 617 2544 omissiones
645 2488 729 2542 multo
756 2491 821 2542 sunt
849 2490 1011 2544 vetustiores
1038 2489 1157 2545 librariis

112 2581 267 2634 nostrarum
285 2577 514 2644 membranarum,
535 2593 649 2646 quarum
666 2575 819 2645 nulladum,
843 2577 895 2630 etsi
913 2577 1033 2648 undique
1052 2581 1157 2634 contra-

16 2715 17 2726 ,
113 2669 172 2722 0100
196 2668 274 2735 sunt,
302 2683 337 2720 ne
361 2683 447 2720 unum
471 2666 581 2737 quidem
606 2681 717 2720 versum
741 2667 853 2737 protulit
879 2683 992 2735 novum,
1021 2684 1101 2737 quem
1128 2668 1158 2720 in

113 2754 271 2808 recensione
288 2753 441 2808 Aristarchi
465 2753 550 2808 luisse
568 2752 690 2822 locuples
706 2755 785 2810 testis
807 2754 959 2824 confirmat,
983 2753 1049 2809 licet
1071 2755 1157 2810 additi

16 2861 17 2864 ¹
113 2857 210 2896 versus
234 2842 333 2910 partim
353 2841 417 2895 boni
436 2841 503 2910 sint,
527 2841 626 2910 partim
647 2841 809 2896 tolerabiles.
845 2841 917 2896 Nam
934 2842 1055 2897 addendo
1073 2843 1156 2897 inter-

16 2951 17 2956 *
114 2929 178 2983 dum
197 2945 251 2982 non
268 2927 415 2982 infeliciter
432 2927 568 2998 luserunt,
591 2929 702 2998 perinde
725 2931 758 2983 01
782 2929 890 2998 saepius
914 2932 1060 2999 peccarunt
1078 2930 1157 2985 omit-

16 3063 17 3066 ,
113 3018 207 3085 tende,
234 3015 335 3087 singuli
352 3016 381 3069 in
400 3015 528 3086 singolis3
553 3034 607 3071 non
629 3032 722 3070 omnes
748 3018 780 3071 de
805 3020 951 3086 compacto.
987 3018 1030 3073 Ι10
1052 3034 1156 3087 versus,

114 3121 195 3172 quem
214 3103 295 3158 Barn.
320 3121 355 3158 ex
374 3103 555 3159 Grammatico
579 3103 667 3158 infimi
686 3105 748 3158 aevi
769 3105 914 3171 (Herodoto
933 3106 966 3158 de
984 3105 1049 3161 Vita
1065 3105 1156 3176 Hom.)

113 3196 174 3262 post
198 3192 257 3246 153.
283 3211 308 3246 0.
333 3192 471 3261 Odysseae
500 3192 618 3260 intersit,
649 3191 766 3246 omissus
793 3192 882 3247 rideri
909 3195 998 3261 potest
1023 3194 1053 3246 in
1080 3194 1156 3248 codd.

114 3279 238 3333 omnibus
262 3279 296 3333 ob
321 3278 449 3348 principii
468 3279 676 3334 similitudinem
695 3295 758 3334 cum
776 3281 911 3349 proximo;
937 3281 984 3350 qui
1008 3282 1157 3335 0000110-

114 3366 309 3435 quentissimus
339 3368 381 3420 est
406 3367 436 3419 in
463 3367 694 3437 ὁμοιοτελεύτοις,
720 3368 838 3422 maxime
865 3369 894 3421 in
921 3369 996 3423 codd.
1023 3368 1156 3423 Vindobb.

114 3452 276 3508 Barnesium
302 3454 392 3507 tamen
414 3454 589 3522 probabiliter
609 3455 811 3524 reprehendunt
830 3455 914 3510 Clark.
943 3457 970 3510 et
993 3455 1155 3526 Wesseling.

113 3556 138 3608 p.
157 3540 216 3594 756.
253 3539 290 3592 At
313 3557 378 3594 vero
401 3540 484 3594 istum
508 3557 620 3595 versum
637 3558 653 3596 a
671 3541 746 3596 nullo
763 3545 888 3597 veterum
909 3541 949 3596 ibi
970 3541 1071 3596 lectum
1089 3559 1156 3606 0000,

115 3629 181 3682 10010
199 3627 308 3682 vincam
326 3629 382 3683 tota
404 3628 513 3683 cohorte
531 3629 786 3699 Grammaticorum,
811 3630 857 3701 qui
881 3631 1035 3685 constanter
1058 3633 1086 3684 01
1103 3648 1156 3686 uno

116 3731 159 3768 ore
185 3715 356 3784 praecipiunt
382 3716 416 3770 de
443 3717 529 3786 figura
556 3716 754 3786 1000011110ος
774 3735 795 3773 0.
822 3720 1015 3788 παλιλλογίαςτ
1042 3713 1101 3773 “On
1127 3718 1157 3772 ἐν

113 3797 206 3854 Ἰλιάδι
227 3809 347 3873 συνεχῶς
365 3807 426 3862 ταῖς
444 3803 636 3872 ἐπαναλήψεσι
653 3807 794 3875 κέχρηται,
813 3806 843 3861 ἔν
855 3825 883 3859 τε
894 3802 1041 3875 Ὀδυσσείᾳ
1056 3807 1155 3870 ἅπαξ,
