3048 4588
309 341 344 396 62
749 341 913 395 Prolegcmcna

308 521 405 580 videri
434 522 528 582 firisse
559 523 684 582 minime
717 523 821 583 sinunt
852 525 1065 584 similitudines
1087 526 1122 586 ll
1146 545 1173 584 o.
1198 528 1269 586 679.
1285 542 1349 602 sqq.

308 630 341 685 et
354 624 461 701 Odyss.
477 644 503 686 e.
519 630 591 688 371.
635 628 715 688 Usus
738 647 807 688 sum
828 629 877 689 his
899 629 1047 707 exemplis
1067 631 1266 708 potissimum,
1280 630 1353 706 quia

307 731 486 794 luculenter
511 735 689 810 ostendunt,
723 735 796 812 quid
824 735 904 794 inter
935 736 1037 812 ignota
1061 740 1093 796 et
1121 736 1212 813 vulgo
1240 737 1352 796 usitata

308 837 440 914 intersit,
469 833 501 899 et
522 859 612 917 quam
631 839 817 900 considerate
837 844 984 918 cauteque
1005 841 1233 901 coniectandum
1254 842 1295 902 sit
1312 841 1351 900 dc

308 943 471 1019 primarum
492 944 701 1004 inventionum
723 949 755 1004 et
769 963 885 1004 morum
901 947 1098 1006 successibus.
1142 947 1236 1023 Finge
1258 947 1353 1022 igitur

216 1095 219 1104 .
307 1052 406 1107 vatem
424 1048 534 1108 alicubi
555 1049 592 1108 de
614 1049 737 1108 invento
758 1048 862 1108 Cadmi
884 1067 938 1109 scu
952 1050 1122 1110 Palamedis
1137 1050 1248 1112 diserte
1269 1050 1355 1110 locu-'

306 1157 385 1228 tum,
415 1152 465 1213 vel
497 1153 674 1214 commercia
707 1153 914 1230 epistolarum,
955 1155 1101 1232 primum,
1132 1159 1167 1214 ut
1197 1155 1351 1233 plerisque

260 1247 263 1252 ’
307 1257 439 1333 videtur,
462 1258 666 1317 rudimentum
681 1258 844 1334 scribendi,
858 1263 1000 1336 tanquam
1014 1260 1166 1336 vulgatam
1182 1278 1246 1319 rem
1260 1264 1352 1320 testa-

306 1366 372 1420 tum
392 1379 476 1422 esse:
499 1380 573 1421 num
596 1380 635 1421 ex
658 1380 693 1421 eo
715 1363 789 1422 satis
811 1367 966 1440 appareat,
994 1363 1086 1423 etiam
1106 1364 1259 1430 volumina
1281 1363 1351 1423 Car-

306 1467 423 1526 minum
446 1468 536 1527 scribi
558 1468 649 1528 moris
670 1468 786 1528 fuisse?

395 1573 455 1633 Sed
476 1573 529 1651 qui
550 1573 610 1632 duo
629 1578 700 1633 sunt
714 1573 794 1650 apud
807 1573 972 1633 Homerum
985 1574 1058 1649 loci,
1079 1575 1236 1652 inquibus
1252 1573 1351 1634 simile

306 1677 449 1756 quiddam
478 1677 642 1754 scriptume
671 1679 836 1756 reperitur,
864 1683 1002 1738 accurata
1023 1679 1236 1756 'interpretatio
1264 1679 1352 1738 facile

306 1783 420 1858 vincet,
443 1800 493 1843 eos
515 1801 576 1843 non
597 1784 693 1860 magis
715 1783 753 1843 de
776 1783 924 1860 scriptura
946 1784 1135 1861 accipiendos
1156 1802 1237 1859 esse,
1261 1802 1351 1863 quam

306 1886 455 1947 celebrem
476 1887 564 1947 illum
586 1885 794 1964 ciceronisffl)
817 1888 855 1947 dc
877 1889 1076 1965 typographia
1096 1893 1206 1948 nostra.
1251 1889 1351 1965 Atque

305 1992 339 2051 in
360 1993 454 2052 altero
476 1993 599 2071 quidem
627 1993 708 2068 loco,
734 1993 770 2054 n
793 2011 822 2074 η.
847 1994 917 2054 175.
934 2012 1015 2071 sqq.‚
1047 1993 1106 2053 cito
1134 1997 1352 2054 conventurum

305 2098 431 2158 arbitror
450 2099 531 2158 inter
552 2116 670 2173 omnes,
692 2098 770 2157 nihil
791 2098 908 2173 inesse,
931 2099 1011 2176 quod
1025 2099 1161 2157 alterutri
1183 2099 1261 2176 parti
1283 2116 1352 2175 pro-

306 2202 393 2264 ficiat.
440 2203 628 2265 Describitur
649 2203 692 2263 ibi
712 2203 820 2262 modus
848 2203 993 2263 sortiendi
1014 2203 1126 2264 illustri
1148 2204 1277 2281 quodam
1298 2222 1352 2263 ex-

306 2308 418 2386 emplo,
452 2310 506 2370 sed
527 2310 584 2386 ita,
617 2314 652 2368 ut
679 2309 778 2368 omnis
799 2310 929 2368 narratio
953 2309 1112 2385 reclamet,
1144 2327 1183 2369 ne
1217 2309 1352 2368 animum

306 2414 411 2474 subeat
427 2414 567 2490 cogitatio
596 2414 770 2474 litterarum.
815 2413 894 2473 Nam
921 2407 1063 2495 σήματα,
1094 2414 1203 2493 quibus
1225 2417 1353 2473 utuntur

305 2518 427 2594 heroes,
455 2512 645 2600 χαράγματα
666 2537 749 2594 esse,
782 2519 846 2578 sive
879 2519 966 2596 signa
988 2519 1158 2595 arbitraria,
1186 2519 1269 2595 ligno
1301 2518 1352 2578 vel

250 2619 258 2634 “
305 2623 358 2682 elii
384 2623 486 2683 inutili
516 2625 562 2684 rei
594 2623 707 2699 addita,
741 2623 934 2684 menifestum
959 2629 1067 2684 estex
1096 2642 1148 2699 eo,
1177 2623 1257 2701 quod
1278 2642 1352 2699 sors,

299 2746 383 2806 ‘quae
406 2728 492 2805 galea
513 2729 602 2804 exiit,
632 2729 875 2790 acircnmeunte
905 2747 1052 2806 praecone
1075 2729 1238 2807 unicuique
1261 2747 1352 2804 agno-

262 2847 298 2902 82
307 2834 418 2894 scenda
435 2835 656 2895 demonstratur
666 2830 721 2916 ⁴⁴).
766 2833 863 2908 Quare
887 2826 992 2913 {verbi
1014 2827 1208 2918 ἐπιγράφειν
1224 2852 1252 2893 v.
1279 2836 1351 2894 187.

393 3013 439 3080 43)
457 3014 498 3068 De
516 3013 578 3068 Nat.
594 3014 673 3069 Deor.
691 3013 732 3082 Π,
750 3013 792 3066 37.
1068 3081 1072 3088 .

392 3101 439 3170 44)
458 3101 512 3156 Hic
530 3101 700 3156 subnotanda
718 3102 760 3154 eat
777 3098 867 3168 paullo
885 3100 947 3152 ante
959 3098 1094 3167 promissa
1105 3099 1174 3153 ratio
1192 3099 1352 3154 recentioris

306 3187 472 3244 scholiastae
490 3189 520 3242 in
537 3190 605 3242 Ven.
625 3188 688 3254 Cod.
707 3187 739 3242 B.
759 3187 794 3241 ad
810 3203 838 3240 v.
858 3184 932 3254 185„
954 3185 1112 3240 suavissimi
1130 3186 1256 3240 hominis.
1292 3185 1352 3241 Nos

305 3293 391 3331 unum
409 3276 581 3346 alphabetum
598 3275 710 3330 moleste
730 3274 899 3343 quaerimus;
918 3272 966 3326 illc
983 3275 1024 3327 tot
1040 3273 1122 3328 habet
1141 3274 1262 3342 diversa,
1287 3276 1353 3343 quot

305 3364 415 3418 fuerunt
432 3363 526 3433 populi
545 3361 688 3431 Graeciae,
705 3362 736 3415 in
755 3377 841 3430 eoque
860 3377 970 3415 oausam
987 3360 1077 3429 videt,
1098 3375 1152 3415 cur'
1163 3359 1353 3430 unusquisqne

305 3453 418 3506 heroum
446 3450 556 3506 nonnisi
583 3465 661 3504 suam
690 3465 802 3503 manum
825 3448 939 3514 agnorit
984 3447 1097 3502 Rectius
1127 3449 1231 3502 dudum
1261 3449 1352 3503 editus

300 3540 396 3594 ‘brevis
415 3539 519 3608 Sobel,
538 3555 555 3593 a
572 3537 730 3592 melioribus
748 3537 776 3589 h.
794 3535 813 3590 1.
833 3535 956 3603 edoctus,
979 3536 1012 3587 οὐ
1028 3537 1181 3605 γράμματα
1198 3538 1247 3592 sed
1261 3555 1352 3607 γραμ-

303 3629 361 3698 μάς
385 3645 463 3687 τινας
489 3626 608 3696 intelligi
634 3626 718 3683 iubet.
756 3623 864 3693 Optime
891 3622 1020 3692 antiquus
1048 3622 1139 3677 Sobel.
1168 3624 1232 3679 Ood.
1258 3627 1291 3680 A„
1316 3625 1352 3679 ad

304 3712 409 3768 v.187.
432 3715 471 3768 Οὐ
488 3716 637 3785 γράμμασι
655 3714 704 3780 τῆς
722 3713 829 3776 λέξεως,
854 3709 911 3762 ἀλλ’
932 3710 1085 3779 ἐγχαράξας
1111 3716 1226 3780 σημεῖα·
1254 3714 1280 3764 εἰ
1297 3713 1353 3782 γὰρ

303 3803 402 3861 κοινῶς
421 3795 523 3875 ᾔδεσαν
549 3802 715 3873 γράμματα,
743 3798 800 3851 ἔδει
826 3797 875 3851 τὸν
901 3796 1004 3865 κήρυκα
1031 3797 1189 3869 ἀναγνῶναι
1215 3800 1262 3851 καὶ
1286 3799 1353 3859 τοὺς
