2980 4576
551 359 716 414 Prolegomena.

572 537 708 604 XLVI.

205 675 291 734 Hanc
324 677 363 735 ad
394 695 459 735 rem
489 677 695 737 necessarium
723 683 770 738 est
803 679 955 756 disputare
987 679 1162 756 diligentius

117 780 152 840 de
173 780 257 838 omni
289 780 403 840 ratione
434 781 554 840 critices
587 787 738 857 veterum,
772 801 932 859 veramque
965 783 1031 843 eius
1063 784 1162 842 animo

116 903 222 960 capere
245 884 384 960 speciem.
430 883 570 944 Nondum
599 887 679 946 eninr
710 887 783 946 satis
813 887 1010 947 refutavimus
1024 883 1066 967 10)
1098 888 1162 947 vul-

116 1007 220 1064 garem
243 1007 386 1063 errorem,
410 1007 468 1066 quo
491 989 578 1050 facile
601 991 739 1051 ducimur
754 1009 874 1067 omnes,
897 996 931 1050 ut
946 991 1071 1052 Oriticos
1086 992 1163 1051 anti-

115 1094 242 1170 quitatis
264 1093 386 1168 horum,
410 1093 461 1170 qui
479 1112 560 1153 nunc
583 1100 667 1169 sunt,
692 1095 821 1167 similes,
845 1101 934 1174 atque
955 1096 1162 1156 Aristarchum

114 1198 145 1257 in
167 1197 277 1275 primis
308 1197 437 1257 Bentleii
470 1216 525 1258 sen
546 1197 753 1272 Valckenarii,
788 1217 843 1260 seu
876 1200 1013 1279 quisquis
1040 1200 1162 1278 antiqua

115 1303 228 1380 scripta
261 1303 326 1380 pari
360 1303 481 1378 ingenio
515 1304 644 1381 expolit,
676 1305 765 1381 longe
797 1305 984 1364 simillimum
1011 1310 1160 1382 putemus.

113 1407 211 1484 quue
235 1408 321 1466 nobis
343 1407 523 1484 persuadere
545 1409 650 1468 volunt
671 1409 759 1468 allato
783 1410 879 1486 elogio
901 1409 1075 1485 Horatiano,
1098 1409 1163 1467 hiet

113 1511 316 1581 Aristarchus,
340 1511 389 1571 cui
409 1511 505 1588 elogio
528 1512 618 1572 etiam
633 1513 849 1573 Panaetianum
868 1514 977 1574 addere
995 1519 1139 1591 poterant.

11 1693 12 1702 ἶ
205 1616 279 1690 Sed,
301 1622 335 1676 ut
356 1635 374 1675 a
392 1617 554 1693 posteriore
575 1618 689 1693 ordiar,
719 1619 795 1678 illud
817 1619 855 1678 ad
877 1619 1072 1697 interpretem
1094 1637 1161 1696 per·

11 1709 12 1730 ³
112 1722 193 1780 tinet
223 1721 395 1796 manifeste,
430 1738 490 1780 non
522 1721 560 1780 ad
593 1722 821 1783 emendatorem.
867 1724 982 1783 Horatii
1009 1742 1080 1783 vero
1101 1728 1163 1782 tota

11 1809 13 1824 ᾗ
113 1827 268 1886 sententia
300 1826 367 1885 talis
400 1831 462 1900 est,
496 1826 528 1884 in
551 1845 610 1904 qua
641 1828 667 1886 si
699 1847 753 1904 pro
774 1828 942 1888 Aristarcho
966 1829 1163 1889 substituatur

112 1931 265 1989 namtas
287 1935 405 2005 noster,
428 1931 590 1990 acerrimus
612 1931 778 1991 alienorum
802 1931 975 1992 Carminnm
994 1915 1162 2009 castigator,

11 2089 12 2094 ,
111 2035 312 2094 mutationem
339 2035 423 2094 iuxta
444 2035 543 2094 ferant
564 2035 600 2110 ii,
631 2037 684 2112 qui
713 2036 803 2096 huius
831 2037 942 2097 iudicia
962 2037 1098 2112 laudant,
1132 2042 1162 2096 et

11 2135 12 2174 1
112 2141 166 2217 qui
189 2159 225 2199 ea
244 2133 480 2219 adispernantur.
515 2139 591 2199 Inde
613 2145 752 2218 apparet,
777 2140 921 2201 Oriticum
940 2142 981 2201 ibi
996 2143 1052 2201 hac
1068 2143 1160 2218 signi·
1169 2150 1221 2204 232

111 2244 254 2304 ficatione
276 2250 377 2303 nostra
399 2261 459 2304 non
483 2243 551 2303 dici.
596 2243 661 2303 Iam
684 2245 883 2322 quodminus
905 2247 1058 2323 ambigue,
1089 2246 1161 2305 licet

11 2359 13 2392 ³
112 2369 169 2427 per
203 2350 318 2424 iocum,
353 2349 456 2409 scribit
485 2348 587 2408 Cicero
600 2343 655 2430 ¹¹),
689 2349 889 2409 Aristarchum
921 2351 1039 2410 Homeri
1068 2370 1161 2409 111111

110 2455 265 2530 reparatae,
299 2473 365 2529 quoa
398 2473 452 2511 11111
477 2453 653 2528 probarerit,
685 2456 838 2514 namhoc
861 2455 972 2515 certius
1003 2456 1161 2531 significat,

111 2557 286 2635 principem
319 2557 495 2618 Gn'ticorum
525 2562 620 2617 artem
653 2559 822 2634 corrigendi
853 2560 891 2619 ad
922 2561 1003 2620 hunc
1026 2565 1161 2619 nostrum

110 2663 239 2722 modum
261 2667 291 2721 et
312 2667 466 2722 accuratae
497 2662 673 2740 disciplinae
706 2664 864 2723 formuiam
898 2663 1092 2725 exercuisse?
1123 2683 1162 2723 an

111 2768 219 2844 potius
241 2767 362 2828 credere
382 2784 437 2826 nos
459 2768 555 2843 cogit,
581 2767 669 2826 illum
694 2769 832 2844 neglecta
854 2767 950 2845 prima
978 2768 1046 2845 lege
1069 2769 1161 2828 bisto-

111 2874 178 2931 riae
200 2877 333 2931 mutasse
352 2876 383 2931 et
404 2872 588 2949 expunxisse
612 2890 663 2948 ea,
685 2873 718 2931 in
733 2873 842 2950 quibus
857 2874 1008 2934 Homerus
1030 2891 1161 2950 peccare,

111 2976 191 3051 labi,
215 2976 374 3036 dormitare
395 2977 566 3036 videretur?
612 2977 726 3037 Seneca
740 2978 863 3056 quidem
878 2996 929 3038 eos
944 2997 1064 3053 versus,
1087 2995 1161 3057 quos

111 3081 308 3141 Aristarchus
320 3059 506 3157 'negaveram
530 3081 632 3140 alienor
651 3076 793 3163 dicitu),
816 3082 968 3142 Ausonius
984 3085 1075 3144 etiam
1097 3103 1161 3156 apu-

206 3291 250 3359 10)
270 3293 292 3360 §-
312 3290 472 3345 XXXVHI.
492 3291 635 3361 praecipue
653 3308 679 3360 p.
699 3292 758 3346 173.

205 3379 249 3446 11)
273 3378 339 3447 Epp.
364 3379 398 3433 ad
414 3377 509 3434 Famil.
529 3373 584 3446 ΠΙ,
606 3379 646 3431 11.
667 3378 716 3447 [4.]
736 3379 809 3433 Oonf.
834 3380 981 3433 earundem
998 3379 1053 3448 IX,
1077 3380 1117 3434 10.
1136 3382 1163 3434 et

113 3466 189 3520 Orat.
207 3466 238 3518 in
255 3465 347 3519 Pison.
366 3465 408 3519 30.

207 3552 250 3620 12)
270 3553 335 3621 Epp.
353 3551 537 3606 LXXXVIH.
558 3554 625 3606 extr.
645 3550 712 3621 [33]
730 3551 889 3606 Aristarchi
906 3556 988 3604 actos
1007 3551 1163 3621 [thaphuth

112 3638 214 3706 quihus
242 3638 359 3690 aliena
390 3637 522 3692 0111111111
548 3637 706 3705 compararit
736 3639 911 3708 [compararit]
917 3679 926 3706 ,
955 3635 1163 3706 recoynoscam?

112 3727 219 3796 Nempe
237 3727 266 3780 id
283 3726 403 3780 fecerant
420 3726 609 3794 faciebantque
628 3725 746 3782 Senecae
763 3729 850 3781 aetate
869 3727 978 3796 plures,
997 3727 1067 3780 infra
1085 3725 1163 3780 nobis

113 3813 261 3868 indicandi.

126 3891 130 3898 '
925 3906 989 3965 12*
