<?xml version="1.0" encoding="UTF-8"?>
<!DOCTYPE html PUBLIC "-//W3C//DTD XHTML 1.0 Transitional//EN"
    "http://www.w3.org/TR/xhtml1/DTD/xhtml1-transitional.dtd">
<html xmlns="http://www.w3.org/1999/xhtml" xml:lang="en" lang="en">
 <head>
  <title>
</title>
<meta http-equiv="Content-Type" content="text/html;charset=utf-8" />
  <meta name='ocr-system' content='tesseract 3.04.00' />
  <meta name='ocr-capabilities' content='ocr_page ocr_carea ocr_par ocr_line ocrx_word'/>
</head>
<body>
  <div class='ocr_page' id='page_1' title='image "./prolegomenaadho05wolfgoog/prolegomenaadho05wolfgoog_0056.png"; bbox 0 0 3048 4588; ppageno 0'>
   <div class='ocr_carea' id='block_1_1' title="bbox 283 305 1438 3394">
    <p class='ocr_par' dir='ltr' id='par_1_1' title="bbox 326 305 932 359">
     <span class='ocr_line' id='line_1_1' title="bbox 326 305 932 359; baseline 0 -11"><span class='ocrx_word' id='word_1_1' title='bbox 326 305 362 359; x_wconf 82' lang='grc'>40</span> <span class='ocrx_word' id='word_1_2' title='bbox 767 305 932 358; x_wconf 79' lang='lat' dir='ltr'>Prolegomana.</span> 
     </span>
    </p>

    <p class='ocr_par' dir='ltr' id='par_1_2' title="bbox 325 465 1438 1403">
     <span class='ocr_line' id='line_1_2' title="bbox 326 486 1372 566; baseline 0.001 -19"><span class='ocrx_word' id='word_1_3' title='bbox 326 488 456 548; x_wconf 89' lang='lat' dir='ltr'>tirentur</span> <span class='ocrx_word' id='word_1_4' title='bbox 477 486 557 546; x_wconf 87' lang='lat' dir='ltr'>inter</span> <span class='ocrx_word' id='word_1_5' title='bbox 580 505 691 548; x_wconf 90' lang='lat' dir='ltr'>omnes.</span> <span class='ocrx_word' id='word_1_6' title='bbox 736 487 774 546; x_wconf 94' lang='lat' dir='ltr'>In</span> <span class='ocrx_word' id='word_1_7' title='bbox 798 506 857 565; x_wconf 91' lang='lat' dir='ltr'>quo</span> <span class='ocrx_word' id='word_1_8' title='bbox 878 507 974 548; x_wconf 89' lang='lat' dir='ltr'>unum</span> <span class='ocrx_word' id='word_1_9' title='bbox 998 488 1073 548; x_wconf 88' lang='lat' dir='ltr'>mihi</span> <span class='ocrx_word' id='word_1_10' title='bbox 1093 489 1223 549; x_wconf 87' lang='lat' dir='ltr'>maxime</span> <span class='ocrx_word' id='word_1_11' title='bbox 1245 489 1372 566; x_wconf 87' lang='lat' dir='ltr'>dignum</span> 
     </span>
     <span class='ocr_line' id='line_1_3' title="bbox 326 591 1371 669; baseline 0.002 -19"><span class='ocrx_word' id='word_1_12' title='bbox 326 597 430 652; x_wconf 86' lang='lat' dir='ltr'>notatu</span> <span class='ocrx_word' id='word_1_13' title='bbox 449 591 581 666; x_wconf 77' lang='lat' dir='ltr'>videtin,</span> <span class='ocrx_word' id='word_1_14' title='bbox 609 593 688 669; x_wconf 90' lang='lat' dir='ltr'>quod</span> <span class='ocrx_word' id='word_1_15' title='bbox 709 592 871 669; x_wconf 78' lang='lat' dir='ltr'>Euripides</span> <span class='ocrx_word' id='word_1_16' title='bbox 893 598 954 653; x_wconf 85' lang='lat' dir='ltr'>toto</span> <span class='ocrx_word' id='word_1_17' title='bbox 975 594 1099 653; x_wconf 85' lang='lat' dir='ltr'>invento</span> <span class='ocrx_word' id='word_1_18' title='bbox 1121 594 1158 654; x_wconf 91' lang='lat' dir='ltr'>ad</span> <span class='ocrx_word' id='word_1_19' title='bbox 1180 594 1371 654; x_wconf 73' lang='lat' dir='ltr'><strong>Palamedem</strong></span> 
     </span>
     <span class='ocr_line' id='line_1_4' title="bbox 326 697 1371 759; baseline 0 -2"><span class='ocrx_word' id='word_1_20' title='bbox 326 697 531 757; x_wconf 86' lang='lat' dir='ltr'>transferendo</span> <span class='ocrx_word' id='word_1_21' title='bbox 554 697 706 757; x_wconf 91' lang='lat' dir='ltr'>communi</span> <span class='ocrx_word' id='word_1_22' title='bbox 726 698 837 758; x_wconf 86' lang='lat' dir='ltr'>iudicio</span> <span class='ocrx_word' id='word_1_23' title='bbox 859 699 951 758; x_wconf 86' lang='lat' dir='ltr'>Attici</span> <span class='ocrx_word' id='word_1_24' title='bbox 977 699 1087 758; x_wconf 85' lang='lat' dir='ltr'>theatri</span> <span class='ocrx_word' id='word_1_25' title='bbox 1116 699 1282 759; x_wconf 71' lang='lat' dir='ltr'><strong>insolenter</strong></span> <span class='ocrx_word' id='word_1_26' title='bbox 1302 699 1371 758; x_wconf 89' lang='lat' dir='ltr'>iilu-</span> 
     </span>
     <span class='ocr_line' id='line_1_5' title="bbox 327 801 1372 880; baseline 0 -18"><span class='ocrx_word' id='word_1_27' title='bbox 327 802 434 875; x_wconf 86' lang='lat' dir='ltr'>sisset,</span> <span class='ocrx_word' id='word_1_28' title='bbox 467 801 494 862; x_wconf 94' lang='lat' dir='ltr'>si</span> <span class='ocrx_word' id='word_1_29' title='bbox 529 802 590 861; x_wconf 91' lang='lat' dir='ltr'>iam</span> <span class='ocrx_word' id='word_1_30' title='bbox 623 805 688 861; x_wconf 90' lang='lat' dir='ltr'>tum</span> <span class='ocrx_word' id='word_1_31' title='bbox 722 802 759 862; x_wconf 88' lang='lat' dir='ltr'>de</span> <span class='ocrx_word' id='word_1_32' title='bbox 789 802 955 880; x_wconf 81' lang='lat' dir='ltr'>antiquiore</span> <span class='ocrx_word' id='word_1_33' title='bbox 989 802 1073 863; x_wconf 87' lang='lat' dir='ltr'>cultu</span> <span class='ocrx_word' id='word_1_34' title='bbox 1106 803 1179 864; x_wconf 82' lang='lat' dir='ltr'>artis</span> <span class='ocrx_word' id='word_1_35' title='bbox 1209 808 1240 864; x_wconf 89' lang='lat' dir='ltr'>et</span> <span class='ocrx_word' id='word_1_36' title='bbox 1268 801 1372 862; x_wconf 80' lang='lat' dir='ltr'>Cadmi</span> 
     </span>
     <span class='ocr_line' id='line_1_6' title="bbox 326 905 1373 985; baseline 0.001 -20"><span class='ocrx_word' id='word_1_37' title='bbox 326 923 450 966; x_wconf 89' lang='lat' dir='ltr'>munere</span> <span class='ocrx_word' id='word_1_38' title='bbox 482 906 675 984; x_wconf 87' lang='lat' dir='ltr'>constitisset.</span> <span class='ocrx_word' id='word_1_39' title='bbox 720 905 827 985; x_wconf 82' lang='lat' dir='ltr'>Neque</span> <span class='ocrx_word' id='word_1_40' title='bbox 847 905 1009 983; x_wconf 81' lang='lat' dir='ltr'>Euripides</span> <span class='ocrx_word' id='word_1_41' title='bbox 1041 907 1119 967; x_wconf 87' lang='lat' dir='ltr'>iilud</span> <span class='ocrx_word' id='word_1_42' title='bbox 1147 908 1245 968; x_wconf 83' lang='lat' dir='ltr'>facere</span> <span class='ocrx_word' id='word_1_43' title='bbox 1274 907 1373 984; x_wconf 88' lang='lat' dir='ltr'>potuit</span> 
     </span>
     <span class='ocr_line' id='line_1_7' title="bbox 326 1010 1372 1089; baseline 0.002 -19"><span class='ocrx_word' id='word_1_44' title='bbox 326 1012 458 1089; x_wconf 89' lang='lat' dir='ltr'>primus;</span> <span class='ocrx_word' id='word_1_45' title='bbox 481 1029 538 1073; x_wconf 92' lang='lat' dir='ltr'>nec</span> <span class='ocrx_word' id='word_1_46' title='bbox 559 1012 712 1088; x_wconf 85' lang='lat' dir='ltr'>fingebant</span> <span class='ocrx_word' id='word_1_47' title='bbox 733 1011 776 1071; x_wconf 86' lang='lat' dir='ltr'>ita</span> <span class='ocrx_word' id='word_1_48' title='bbox 799 1010 926 1088; x_wconf 80' lang='lat' dir='ltr'>Tragici.</span> <span class='ocrx_word' id='word_1_49' title='bbox 970 1012 1035 1072; x_wconf 92' lang='lat' dir='ltr'>Iam</span> <span class='ocrx_word' id='word_1_50' title='bbox 1049 1028 1120 1072; x_wconf 79' lang='lat' dir='ltr'>vero</span> <span class='ocrx_word' id='word_1_51' title='bbox 1143 1013 1170 1072; x_wconf 92' lang='lat' dir='ltr'>si</span> <span class='ocrx_word' id='word_1_52' title='bbox 1189 1012 1372 1072; x_wconf 83' lang='lat' dir='ltr'>oblitteratas</span> 
     </span>
     <span class='ocr_line' id='line_1_8' title="bbox 326 1115 1373 1195; baseline 0.002 -21"><span class='ocrx_word' id='word_1_53' title='bbox 326 1116 400 1176; x_wconf 80' lang='lat' dir='ltr'>istas</span> <span class='ocrx_word' id='word_1_54' title='bbox 422 1115 537 1176; x_wconf 69' lang='lat' dir='ltr'>fabatius</span> <span class='ocrx_word' id='word_1_55' title='bbox 559 1117 625 1176; x_wconf 92' lang='lat' dir='ltr'>iure</span> <span class='ocrx_word' id='word_1_56' title='bbox 646 1116 685 1175; x_wconf 92' lang='lat' dir='ltr'>ad</span> <span class='ocrx_word' id='word_1_57' title='bbox 699 1119 802 1194; x_wconf 80' lang='lat' dir='ltr'>poetas</span> <span class='ocrx_word' id='word_1_58' title='bbox 816 1121 952 1177; x_wconf 81' lang='lat' dir='ltr'>auctores</span> <span class='ocrx_word' id='word_1_59' title='bbox 967 1117 1135 1193; x_wconf 88' lang='lat' dir='ltr'>reiicimus,</span> <span class='ocrx_word' id='word_1_60' title='bbox 1158 1116 1266 1195; x_wconf 78' lang='lat' dir='ltr'>ecquid</span> <span class='ocrx_word' id='word_1_61' title='bbox 1286 1135 1373 1178; x_wconf 86' lang='lat' dir='ltr'>accu-</span> 
     </span>
     <span class='ocr_line' id='line_1_9' title="bbox 325 1220 1438 1297; baseline 0.003 -18"><span class='ocrx_word' id='word_1_62' title='bbox 325 1220 384 1279; x_wconf 91' lang='lat' dir='ltr'>rati</span> <span class='ocrx_word' id='word_1_63' title='bbox 405 1220 510 1281; x_wconf 89' lang='lat' dir='ltr'>iudicii</span> <span class='ocrx_word' id='word_1_64' title='bbox 533 1225 595 1296; x_wconf 91' lang='lat' dir='ltr'>est,</span> <span class='ocrx_word' id='word_1_65' title='bbox 618 1222 671 1281; x_wconf 93' lang='lat' dir='ltr'>uni</span> <span class='ocrx_word' id='word_1_66' title='bbox 686 1239 803 1297; x_wconf 82' lang='lat' dir='ltr'>eamm,</span> <span class='ocrx_word' id='word_1_67' title='bbox 826 1240 866 1283; x_wconf 88' lang='lat' dir='ltr'>ex</span> <span class='ocrx_word' id='word_1_68' title='bbox 885 1221 995 1282; x_wconf 89' lang='lat' dir='ltr'>iisdem</span> <span class='ocrx_word' id='word_1_69' title='bbox 1013 1222 1146 1282; x_wconf 87' lang='lat' dir='ltr'>fontibus</span> <span class='ocrx_word' id='word_1_70' title='bbox 1161 1222 1283 1297; x_wconf 80' lang='lat' dir='ltr'>ductae,</span> <span class='ocrx_word' id='word_1_71' title='bbox 1306 1223 1373 1282; x_wconf 92' lang='lat' dir='ltr'>ideo</span> <span class='ocrx_word' id='word_1_72' title='bbox 1435 1220 1438 1226; x_wconf 77' lang='grc'>’</span> 
     </span>
     <span class='ocr_line' id='line_1_10' title="bbox 327 1325 1216 1403; baseline 0.002 -19"><span class='ocrx_word' id='word_1_73' title='bbox 327 1325 398 1403; x_wconf 89' lang='lat' dir='ltr'>quia</span> <span class='ocrx_word' id='word_1_74' title='bbox 419 1325 528 1386; x_wconf 86' lang='lat' dir='ltr'>ceteris</span> <span class='ocrx_word' id='word_1_75' title='bbox 550 1325 724 1385; x_wconf 82' lang='lat' dir='ltr'>celebratior</span> <span class='ocrx_word' id='word_1_76' title='bbox 746 1331 807 1401; x_wconf 87' lang='lat' dir='ltr'>est,</span> <span class='ocrx_word' id='word_1_77' title='bbox 830 1325 967 1387; x_wconf 84' lang='lat' dir='ltr'>addicere</span> <span class='ocrx_word' id='word_1_78' title='bbox 988 1326 1216 1387; x_wconf 82' lang='lat' dir='ltr'>credulitatem?</span> 
     </span>
    </p>

    <p class='ocr_par' dir='ltr' id='par_1_3' title="bbox 324 1430 1375 2452">
     <span class='ocr_line' id='line_1_11' title="bbox 414 1430 1372 1506; baseline 0.001 -17"><span class='ocrx_word' id='word_1_79' title='bbox 414 1431 454 1490; x_wconf 78' lang='lat' dir='ltr'>At</span> <span class='ocrx_word' id='word_1_80' title='bbox 475 1448 618 1506; x_wconf 84' lang='lat' dir='ltr'>magnum</span> <span class='ocrx_word' id='word_1_81' title='bbox 640 1434 789 1490; x_wconf 87' lang='lat' dir='ltr'>auctorem</span> <span class='ocrx_word' id='word_1_82' title='bbox 811 1431 901 1491; x_wconf 89' lang='lat' dir='ltr'>habet</span> <span class='ocrx_word' id='word_1_83' title='bbox 922 1449 1034 1491; x_wconf 89' lang='lat' dir='ltr'>munus</span> <span class='ocrx_word' id='word_1_84' title='bbox 1054 1430 1157 1491; x_wconf 80' lang='lat' dir='ltr'>Cadmi</span> <span class='ocrx_word' id='word_1_85' title='bbox 1179 1431 1372 1492; x_wconf 77' lang='lat' dir='ltr'>Herodotum,</span> 
     </span>
     <span class='ocr_line' id='line_1_12' title="bbox 327 1535 1373 1614; baseline 0.004 -22"><span class='ocrx_word' id='word_1_86' title='bbox 327 1536 437 1614; x_wconf 88' lang='lat' dir='ltr'>Video;</span> <span class='ocrx_word' id='word_1_87' title='bbox 472 1539 503 1596; x_wconf 88' lang='lat' dir='ltr'>et</span> <span class='ocrx_word' id='word_1_88' title='bbox 534 1536 627 1598; x_wconf 88' lang='lat' dir='ltr'>alium</span> <span class='ocrx_word' id='word_1_89' title='bbox 649 1535 756 1594; x_wconf 88' lang='lat' dir='ltr'>addam</span> <span class='ocrx_word' id='word_1_90' title='bbox 784 1553 845 1595; x_wconf 92' lang='lat' dir='ltr'>non</span> <span class='ocrx_word' id='word_1_91' title='bbox 866 1537 1026 1611; x_wconf 87' lang='lat' dir='ltr'>minorem,</span> <span class='ocrx_word' id='word_1_92' title='bbox 1058 1541 1138 1596; x_wconf 87' lang='grc'><strong>11111</strong></span> <span class='ocrx_word' id='word_1_93' title='bbox 1166 1535 1266 1613; x_wconf 86' lang='lat' dir='ltr'>paullo</span> <span class='ocrx_word' id='word_1_94' title='bbox 1296 1537 1373 1596; x_wconf 88' lang='lat' dir='ltr'>anti-</span> 
     </span>
     <span class='ocr_line' id='line_1_13' title="bbox 326 1640 1373 1718; baseline 0 -18"><span class='ocrx_word' id='word_1_95' title='bbox 326 1642 473 1718; x_wconf 90' lang='lat' dir='ltr'>quiorem:</span> <span class='ocrx_word' id='word_1_96' title='bbox 493 1659 550 1700; x_wconf 89' lang='lat' dir='ltr'>nec</span> <span class='ocrx_word' id='word_1_97' title='bbox 571 1645 728 1718; x_wconf 87' lang='lat' dir='ltr'>propterea</span> <span class='ocrx_word' id='word_1_98' title='bbox 742 1640 847 1701; x_wconf 88' lang='lat' dir='ltr'>desino</span> <span class='ocrx_word' id='word_1_99' title='bbox 862 1640 1010 1715; x_wconf 80' lang='lat' dir='ltr'>dubitare,</span> <span class='ocrx_word' id='word_1_100' title='bbox 1031 1659 1105 1699; x_wconf 90' lang='lat' dir='ltr'>num</span> <span class='ocrx_word' id='word_1_101' title='bbox 1120 1660 1260 1718; x_wconf 82' lang='lat' dir='ltr'>magnam</span> <span class='ocrx_word' id='word_1_102' title='bbox 1273 1644 1373 1700; x_wconf 86' lang='lat' dir='ltr'>aucto-</span> 
     </span>
     <span class='ocr_line' id='line_1_14' title="bbox 326 1744 1373 1823; baseline 0.001 -19"><span class='ocrx_word' id='word_1_103' title='bbox 326 1746 446 1805; x_wconf 87' lang='lat' dir='ltr'>ritatem</span> <span class='ocrx_word' id='word_1_104' title='bbox 465 1746 532 1822; x_wconf 90' lang='lat' dir='ltr'>ipsa</span> <span class='ocrx_word' id='word_1_105' title='bbox 547 1745 647 1804; x_wconf 86' lang='lat' dir='ltr'>fabula</span> <span class='ocrx_word' id='word_1_106' title='bbox 662 1763 717 1804; x_wconf 88' lang='lat' dir='ltr'>seu</span> <span class='ocrx_word' id='word_1_107' title='bbox 731 1745 811 1805; x_wconf 88' lang='lat' dir='ltr'>fama</span> <span class='ocrx_word' id='word_1_108' title='bbox 829 1745 944 1804; x_wconf 91' lang='lat' dir='ltr'>habeat.</span> <span class='ocrx_word' id='word_1_109' title='bbox 989 1744 1068 1806; x_wconf 88' lang='lat' dir='ltr'>Nam</span> <span class='ocrx_word' id='word_1_110' title='bbox 1086 1746 1277 1806; x_wconf 80' lang='lat' dir='ltr'>temerarium</span> <span class='ocrx_word' id='word_1_111' title='bbox 1291 1751 1373 1823; x_wconf 85' lang='lat' dir='ltr'>puto,</span> 
     </span>
     <span class='ocr_line' id='line_1_15' title="bbox 326 1850 1374 1926; baseline 0.002 -18"><span class='ocrx_word' id='word_1_112' title='bbox 326 1851 359 1908; x_wconf 91' lang='lat' dir='ltr'>in</span> <span class='ocrx_word' id='word_1_113' title='bbox 387 1853 470 1909; x_wconf 79' lang='lat' dir='ltr'>tanta</span> <span class='ocrx_word' id='word_1_114' title='bbox 499 1854 654 1909; x_wconf 89' lang='lat' dir='ltr'>auctorum</span> <span class='ocrx_word' id='word_1_115' title='bbox 686 1850 889 1925; x_wconf 79' lang='lat' dir='ltr'>dissensione,</span> <span class='ocrx_word' id='word_1_116' title='bbox 920 1851 974 1908; x_wconf 94' lang='lat' dir='ltr'>uni</span> <span class='ocrx_word' id='word_1_117' title='bbox 1006 1855 1059 1910; x_wconf 89' lang='lat' dir='ltr'>aut</span> <span class='ocrx_word' id='word_1_118' title='bbox 1087 1851 1191 1926; x_wconf 87' lang='lat' dir='ltr'>paucis</span> <span class='ocrx_word' id='word_1_119' title='bbox 1224 1850 1374 1926; x_wconf 82' lang='lat' dir='ltr'>assentiri,</span> 
     </span>
     <span class='ocr_line' id='line_1_16' title="bbox 325 1955 1375 2033; baseline 0.002 -20"><span class='ocrx_word' id='word_1_120' title='bbox 325 1955 505 2032; x_wconf 87' lang='lat' dir='ltr'>praesertim</span> <span class='ocrx_word' id='word_1_121' title='bbox 520 1956 616 2029; x_wconf 88' lang='lat' dir='ltr'>inre,</span> <span class='ocrx_word' id='word_1_122' title='bbox 639 1972 714 2033; x_wconf 90' lang='lat' dir='ltr'>quac</span> <span class='ocrx_word' id='word_1_123' title='bbox 730 1973 823 2032; x_wconf 92' lang='lat' dir='ltr'>quum</span> <span class='ocrx_word' id='word_1_124' title='bbox 837 1955 928 2031; x_wconf 80' lang='lat' dir='ltr'>vulgo</span> <span class='ocrx_word' id='word_1_125' title='bbox 943 1959 1023 2015; x_wconf 85' lang='lat' dir='ltr'>reete</span> <span class='ocrx_word' id='word_1_126' title='bbox 1038 1955 1238 2016; x_wconf 91' lang='lat' dir='ltr'>Phoenicibus</span> <span class='ocrx_word' id='word_1_127' title='bbox 1253 1961 1375 2032; x_wconf 86' lang='lat' dir='ltr'>accepta</span> 
     </span>
     <span class='ocr_line' id='line_1_17' title="bbox 326 2059 1375 2134; baseline 0.001 -16"><span class='ocrx_word' id='word_1_128' title='bbox 326 2059 468 2134; x_wconf 77' lang='grc'><strong>11111111,</strong></span> <span class='ocrx_word' id='word_1_129' title='bbox 491 2060 671 2120; x_wconf 82' lang='lat' dir='ltr'>facillimae</span> <span class='ocrx_word' id='word_1_130' title='bbox 691 2060 854 2134; x_wconf 88' lang='lat' dir='ltr'>Phoenice,</span> <span class='ocrx_word' id='word_1_131' title='bbox 886 2059 1069 2120; x_wconf 89' lang='lat' dir='ltr'>clarissimae</span> <span class='ocrx_word' id='word_1_132' title='bbox 1093 2061 1126 2119; x_wconf 92' lang='lat' dir='ltr'>in</span> <span class='ocrx_word' id='word_1_133' title='bbox 1150 2059 1274 2120; x_wconf 80' lang='lat' dir='ltr'>Graecia</span> <span class='ocrx_word' id='word_1_134' title='bbox 1296 2059 1375 2120; x_wconf 89' lang='lat' dir='ltr'>colo·</span> 
     </span>
     <span class='ocr_line' id='line_1_18' title="bbox 324 2135 1375 2241; baseline 0 -19"><span class='ocrx_word' id='word_1_135' title='bbox 324 2164 393 2224; x_wconf 89' lang='lat' dir='ltr'>niae</span> <span class='ocrx_word' id='word_1_136' title='bbox 429 2165 596 2239; x_wconf 87' lang='lat' dir='ltr'>conditore,</span> <span class='ocrx_word' id='word_1_137' title='bbox 633 2182 743 2224; x_wconf 90' lang='lat' dir='ltr'>nomen</span> <span class='ocrx_word' id='word_1_138' title='bbox 773 2164 914 2241; x_wconf 85' lang='lat' dir='ltr'>adoptare</span> <span class='ocrx_word' id='word_1_139' title='bbox 947 2166 1085 2241; x_wconf 89' lang='lat' dir='ltr'>potuerit.</span> <span class='ocrx_word' id='word_1_140' title='bbox 1133 2135 1218 2224; x_wconf 73' lang='grc'><strong>111111</strong></span> <span class='ocrx_word' id='word_1_141' title='bbox 1251 2164 1375 2241; x_wconf 90' lang='lat' dir='ltr'>quidem</span> 
     </span>
     <span class='ocr_line' id='line_1_19' title="bbox 325 2269 1374 2346; baseline 0.001 -19"><span class='ocrx_word' id='word_1_142' title='bbox 325 2273 480 2328; x_wconf 86' lang='lat' dir='ltr'>auctorum</span> <span class='ocrx_word' id='word_1_143' title='bbox 501 2269 622 2328; x_wconf 89' lang='lat' dir='ltr'>illorum</span> <span class='ocrx_word' id='word_1_144' title='bbox 644 2269 808 2345; x_wconf 85' lang='lat' dir='ltr'>Dionysius</span> <span class='ocrx_word' id='word_1_145' title='bbox 831 2270 970 2330; x_wconf 87' lang='lat' dir='ltr'>Milesius</span> <span class='ocrx_word' id='word_1_146' title='bbox 992 2274 1054 2344; x_wconf 85' lang='lat' dir='ltr'>est,</span> <span class='ocrx_word' id='word_1_147' title='bbox 1085 2269 1210 2346; x_wconf 88' lang='lat' dir='ltr'>scriptor</span> <span class='ocrx_word' id='word_1_148' title='bbox 1231 2269 1374 2328; x_wconf 88' lang='lat' dir='ltr'>historiae</span> 
     </span>
     <span class='ocr_line' id='line_1_20' title="bbox 325 2369 1374 2452; baseline 0 -20"><span class='ocrx_word' id='word_1_149' title='bbox 325 2369 539 2452; x_wconf 72' lang='lat' dir='ltr'>mythioae14).</span> <span class='ocrx_word' id='word_1_150' title='bbox 583 2373 652 2433; x_wconf 88' lang='lat' dir='ltr'>Non</span> <span class='ocrx_word' id='word_1_151' title='bbox 679 2375 711 2433; x_wconf 93' lang='lat' dir='ltr'>id</span> <span class='ocrx_word' id='word_1_152' title='bbox 732 2376 836 2448; x_wconf 84' lang='lat' dir='ltr'>affero,</span> <span class='ocrx_word' id='word_1_153' title='bbox 868 2373 948 2451; x_wconf 88' lang='lat' dir='ltr'>quod</span> <span class='ocrx_word' id='word_1_154' title='bbox 978 2392 1049 2434; x_wconf 91' lang='lat' dir='ltr'>eum</span> <span class='ocrx_word' id='word_1_155' title='bbox 1084 2391 1223 2451; x_wconf 86' lang='lat' dir='ltr'>spernam</span> <span class='ocrx_word' id='word_1_156' title='bbox 1251 2377 1374 2449; x_wconf 88' lang='lat' dir='ltr'>propter</span> 
     </span>
    </p>

    <p class='ocr_par' dir='ltr' id='par_1_4' title="bbox 283 2472 1374 3394">
     <span class='ocr_line' id='line_1_21' title="bbox 283 2472 1374 2558; baseline -0.003 -19"><span class='ocrx_word' id='word_1_157' title='bbox 283 2479 581 2540; x_wconf 80' lang='grc'><strong>5311111111111111</strong></span> <span class='ocrx_word' id='word_1_158' title='bbox 613 2478 779 2538; x_wconf 91' lang='lat' dir='ltr'>scribendi:</span> <span class='ocrx_word' id='word_1_159' title='bbox 811 2495 909 2556; x_wconf 89' lang='lat' dir='ltr'>neque</span> <span class='ocrx_word' id='word_1_160' title='bbox 942 2478 1015 2538; x_wconf 89' lang='lat' dir='ltr'>adeo</span> <span class='ocrx_word' id='word_1_161' title='bbox 1038 2472 1151 2558; x_wconf 70' lang='lat' dir='ltr'>pedites</span> <span class='ocrx_word' id='word_1_162' title='bbox 1180 2494 1303 2553; x_wconf 89' lang='lat' dir='ltr'>sperno,</span> <span class='ocrx_word' id='word_1_163' title='bbox 1333 2495 1374 2536; x_wconf 84' lang='lat' dir='ltr'>ex</span> 
     </span>
     <span class='ocr_line' id='line_1_22' title="bbox 327 2582 1374 2660; baseline -0.002 -18"><span class='ocrx_word' id='word_1_164' title='bbox 327 2584 436 2660; x_wconf 90' lang='lat' dir='ltr'>quibus</span> <span class='ocrx_word' id='word_1_165' title='bbox 458 2583 485 2642; x_wconf 94' lang='lat' dir='ltr'>is</span> <span class='ocrx_word' id='word_1_166' title='bbox 507 2587 588 2642; x_wconf 90' lang='lat' dir='ltr'>totus</span> <span class='ocrx_word' id='word_1_167' title='bbox 609 2582 772 2659; x_wconf 89' lang='lat' dir='ltr'>pendebat:</span> <span class='ocrx_word' id='word_1_168' title='bbox 802 2586 934 2642; x_wconf 86' lang='lat' dir='ltr'>attamen</span> <span class='ocrx_word' id='word_1_169' title='bbox 955 2582 1034 2641; x_wconf 87' lang='lat' dir='ltr'>illud</span> <span class='ocrx_word' id='word_1_170' title='bbox 1053 2599 1114 2641; x_wconf 92' lang='lat' dir='ltr'>non</span> <span class='ocrx_word' id='word_1_171' title='bbox 1134 2598 1291 2658; x_wconf 89' lang='lat' dir='ltr'>assequor,</span> <span class='ocrx_word' id='word_1_172' title='bbox 1319 2599 1374 2640; x_wconf 90' lang='lat' dir='ltr'>cur</span> 
     </span>
     <span class='ocr_line' id='line_1_23' title="bbox 291 2680 1374 2768; baseline -0.002 -22"><span class='ocrx_word' id='word_1_173' title='bbox 291 2757 296 2766; x_wconf 33' lang='grc'>,</span> <span class='ocrx_word' id='word_1_174' title='bbox 326 2687 465 2761; x_wconf 91' lang='lat' dir='ltr'>anobis,</span> <span class='ocrx_word' id='word_1_175' title='bbox 496 2688 668 2761; x_wconf 85' lang='lat' dir='ltr'>veritatem,</span> <span class='ocrx_word' id='word_1_176' title='bbox 687 2704 748 2746; x_wconf 91' lang='lat' dir='ltr'>non</span> <span class='ocrx_word' id='word_1_177' title='bbox 773 2682 945 2745; x_wconf 79' lang='grc' dir='ltr'><em>Φοινικικὰ</em></span> <span class='ocrx_word' id='word_1_178' title='bbox 967 2680 1073 2768; x_wconf 81' lang='grc' dir='ltr'><em>ψεύδη</em></span> <span class='ocrx_word' id='word_1_179' title='bbox 1087 2681 1130 2768; x_wconf 67' lang='grc'>15)</span> <span class='ocrx_word' id='word_1_180' title='bbox 1152 2685 1374 2764; x_wconf 85' lang='lat' dir='ltr'>quaerentibus,</span> 
     </span>
     <span class='ocr_line' id='line_1_24' title="bbox 326 2791 1373 2870; baseline -0.003 -18"><span class='ocrx_word' id='word_1_181' title='bbox 326 2794 437 2852; x_wconf 90' lang='grc'><strong>111111</strong></span> <span class='ocrx_word' id='word_1_182' title='bbox 470 2811 585 2870; x_wconf 83' lang='lat' dir='ltr'>genere¹</span> <span class='ocrx_word' id='word_1_183' title='bbox 612 2792 790 2869; x_wconf 90' lang='lat' dir='ltr'>locupletior</span> <span class='ocrx_word' id='word_1_184' title='bbox 819 2792 924 2866; x_wconf 86' lang='lat' dir='ltr'>testis,</span> <span class='ocrx_word' id='word_1_185' title='bbox 956 2809 1046 2868; x_wconf 90' lang='lat' dir='ltr'>quarn</span> <span class='ocrx_word' id='word_1_186' title='bbox 1076 2792 1108 2849; x_wconf 93' lang='lat' dir='ltr'>in</span> <span class='ocrx_word' id='word_1_187' title='bbox 1137 2791 1263 2865; x_wconf 88' lang='lat' dir='ltr'>ceteris,</span> <span class='ocrx_word' id='word_1_188' title='bbox 1296 2807 1373 2869; x_wconf 88' lang='lat' dir='ltr'>quae</span> 
     </span>
     <span class='ocr_line' id='line_1_25' title="bbox 326 2894 1374 2972; baseline -0.002 -16"><span class='ocrx_word' id='word_1_189' title='bbox 326 2897 474 2972; x_wconf 82' lang='lat' dir='ltr'>narravit,</span> <span class='ocrx_word' id='word_1_190' title='bbox 507 2898 610 2957; x_wconf 89' lang='lat' dir='ltr'>haberi</span> <span class='ocrx_word' id='word_1_191' title='bbox 640 2897 755 2956; x_wconf 88' lang='lat' dir='ltr'>debeat</span> <span class='ocrx_word' id='word_1_192' title='bbox 801 2895 861 2957; x_wconf 88' lang='lat' dir='ltr'>Sed</span> <span class='ocrx_word' id='word_1_193' title='bbox 887 2896 987 2956; x_wconf 91' lang='lat' dir='ltr'>locum</span> <span class='ocrx_word' id='word_1_194' title='bbox 1020 2895 1087 2956; x_wconf 89' lang='lat' dir='ltr'>eius</span> <span class='ocrx_word' id='word_1_195' title='bbox 1111 2895 1198 2955; x_wconf 93' lang='lat' dir='ltr'>nobis</span> <span class='ocrx_word' id='word_1_196' title='bbox 1226 2894 1374 2954; x_wconf 85' lang='lat' dir='ltr'>Diodorus</span> 
     </span>
     <span class='ocr_line' id='line_1_26' title="bbox 325 2999 1373 3079; baseline -0.002 -19"><span class='ocrx_word' id='word_1_197' title='bbox 325 3002 510 3079; x_wconf 73' lang='lat' dir='ltr'>transmisit,</span> <span class='ocrx_word' id='word_1_198' title='bbox 540 3002 726 3062; x_wconf 90' lang='lat' dir='ltr'>Herodotum</span> <span class='ocrx_word' id='word_1_199' title='bbox 754 3003 855 3078; x_wconf 90' lang='lat' dir='ltr'>ipsum</span> <span class='ocrx_word' id='word_1_200' title='bbox 876 3000 1012 3077; x_wconf 82' lang='lat' dir='ltr'>legimus.</span> <span class='ocrx_word' id='word_1_201' title='bbox 1056 2999 1216 3060; x_wconf 76' lang='lat' dir='ltr'>Enimvem</span> <span class='ocrx_word' id='word_1_202' title='bbox 1237 2999 1288 3058; x_wconf 92' lang='lat' dir='ltr'>hic</span> <span class='ocrx_word' id='word_1_203' title='bbox 1308 2999 1373 3058; x_wconf 84' lang='lat' dir='ltr'>veri</span> 
     </span>
     <span class='ocr_line' id='line_1_27' title="bbox 326 3103 1373 3183; baseline -0.003 -17"><span class='ocrx_word' id='word_1_204' title='bbox 326 3107 551 3167; x_wconf 91' lang='lat' dir='ltr'>amantissimus</span> <span class='ocrx_word' id='word_1_205' title='bbox 573 3108 686 3183; x_wconf 89' lang='lat' dir='ltr'>pariter</span> <span class='ocrx_word' id='word_1_206' title='bbox 708 3111 739 3166; x_wconf 88' lang='lat' dir='ltr'>et</span> <span class='ocrx_word' id='word_1_207' title='bbox 759 3107 897 3166; x_wconf 90' lang='lat' dir='ltr'>fictorum</span> <span class='ocrx_word' id='word_1_208' title='bbox 919 3105 1048 3181; x_wconf 88' lang='lat' dir='ltr'>cupidus</span> <span class='ocrx_word' id='word_1_209' title='bbox 1069 3109 1203 3164; x_wconf 89' lang='lat' dir='ltr'>narrator</span> <span class='ocrx_word' id='word_1_210' title='bbox 1224 3103 1280 3162; x_wconf 91' lang='lat' dir='ltr'>hoc</span> <span class='ocrx_word' id='word_1_211' title='bbox 1301 3122 1373 3181; x_wconf 93' lang='lat' dir='ltr'>quo-</span> 
     </span>
     <span class='ocr_line' id='line_1_28' title="bbox 326 3209 1374 3291; baseline -0.004 -20"><span class='ocrx_word' id='word_1_212' title='bbox 326 3231 385 3291; x_wconf 87' lang='lat' dir='ltr'>que</span> <span class='ocrx_word' id='word_1_213' title='bbox 406 3212 470 3272; x_wconf 92' lang='lat' dir='ltr'>loco</span> <span class='ocrx_word' id='word_1_214' title='bbox 493 3217 576 3272; x_wconf 81' lang='lat' dir='ltr'>tenet</span> <span class='ocrx_word' id='word_1_215' title='bbox 597 3230 712 3271; x_wconf 89' lang='lat' dir='ltr'>morem</span> <span class='ocrx_word' id='word_1_216' title='bbox 734 3230 837 3286; x_wconf 90' lang='lat' dir='ltr'>suum,</span> <span class='ocrx_word' id='word_1_217' title='bbox 860 3229 953 3288; x_wconf 89' lang='lat' dir='ltr'>quum</span> <span class='ocrx_word' id='word_1_218' title='bbox 975 3227 1008 3270; x_wconf 91' lang='lat' dir='ltr'>se</span> <span class='ocrx_word' id='word_1_219' title='bbox 1030 3228 1090 3269; x_wconf 93' lang='lat' dir='ltr'>non</span> <span class='ocrx_word' id='word_1_220' title='bbox 1106 3214 1216 3269; x_wconf 87' lang='lat' dir='ltr'>certam</span> <span class='ocrx_word' id='word_1_221' title='bbox 1236 3212 1268 3268; x_wconf 91' lang='lat' dir='ltr'>et</span> <span class='ocrx_word' id='word_1_222' title='bbox 1281 3209 1374 3286; x_wconf 79' lang='lat' dir='ltr'>vulgo</span> 
     </span>
     <span class='ocr_line' id='line_1_29' title="bbox 326 3315 1373 3394; baseline -0.003 -16"><span class='ocrx_word' id='word_1_223' title='bbox 326 3317 470 3378; x_wconf 85' lang='lat' dir='ltr'>creditam</span> <span class='ocrx_word' id='word_1_224' title='bbox 491 3335 573 3392; x_wconf 90' lang='lat' dir='ltr'>rem,</span> <span class='ocrx_word' id='word_1_225' title='bbox 603 3317 657 3378; x_wconf 90' lang='lat' dir='ltr'>sed</span> <span class='ocrx_word' id='word_1_226' title='bbox 686 3317 795 3376; x_wconf 80' lang='lat' dir='ltr'>famam</span> <span class='ocrx_word' id='word_1_227' title='bbox 824 3317 973 3394; x_wconf 86' lang='lat' dir='ltr'>quandam</span> <span class='ocrx_word' id='word_1_228' title='bbox 1003 3316 1061 3376; x_wconf 91' lang='lat' dir='ltr'>sibi</span> <span class='ocrx_word' id='word_1_229' title='bbox 1089 3315 1241 3392; x_wconf 85' lang='lat' dir='ltr'>probatam</span> <span class='ocrx_word' id='word_1_230' title='bbox 1267 3316 1373 3375; x_wconf 86' lang='lat' dir='ltr'>afferre</span> 
     </span>
    </p>
   </div>
   <div class='ocr_carea' id='block_1_2' title="bbox 327 3492 1374 3812">
    <p class='ocr_par' dir='ltr' id='par_1_5' title="bbox 327 3492 1374 3651">
     <span class='ocr_line' id='line_1_30' title="bbox 415 3492 1374 3566; baseline -0.003 -18"><span class='ocrx_word' id='word_1_231' title='bbox 415 3496 459 3562; x_wconf 90' lang='grc'>14)</span> <span class='ocrx_word' id='word_1_232' title='bbox 479 3496 512 3550; x_wconf 86' lang='lat' dir='ltr'>In</span> <span class='ocrx_word' id='word_1_233' title='bbox 528 3511 625 3566; x_wconf 81' lang='lat' dir='ltr'>magno</span> <span class='ocrx_word' id='word_1_234' title='bbox 644 3511 737 3563; x_wconf 89' lang='lat' dir='ltr'>opere,</span> <span class='ocrx_word' id='word_1_235' title='bbox 762 3495 874 3562; x_wconf 80' lang='grc' dir='ltr'><strong><em>Κύκλῳ,</em></strong></span> <span class='ocrx_word' id='word_1_236' title='bbox 904 3494 983 3548; x_wconf 89' lang='lat' dir='ltr'>ouius</span> <span class='ocrx_word' id='word_1_237' title='bbox 1010 3493 1064 3548; x_wconf 88' lang='lat' dir='ltr'>loci</span> <span class='ocrx_word' id='word_1_238' title='bbox 1089 3510 1169 3563; x_wconf 87' lang='lat' dir='ltr'>saepe</span> <span class='ocrx_word' id='word_1_239' title='bbox 1193 3492 1374 3547; x_wconf 87' lang='lat' dir='ltr'>laudantura</span> 
     </span>
     <span class='ocr_line' id='line_1_31' title="bbox 327 3580 1237 3651; baseline -0.005 -14"><span class='ocrx_word' id='word_1_240' title='bbox 327 3582 530 3650; x_wconf 84' lang='lat' dir='ltr'>Grammaticis3</span> <span class='ocrx_word' id='word_1_241' title='bbox 548 3582 587 3650; x_wconf 80' lang='lat' dir='ltr'>ie,</span> <span class='ocrx_word' id='word_1_242' title='bbox 607 3598 660 3651; x_wconf 89' lang='lat' dir='ltr'>quo</span> <span class='ocrx_word' id='word_1_243' title='bbox 678 3581 859 3645; x_wconf 80' lang='grc'><strong>1111111111,</strong></span> <span class='ocrx_word' id='word_1_244' title='bbox 878 3598 895 3635; x_wconf 89' lang='lat' dir='ltr'>a</span> <span class='ocrx_word' id='word_1_245' title='bbox 912 3581 1027 3636; x_wconf 90' lang='lat' dir='ltr'>Diodoro</span> <span class='ocrx_word' id='word_1_246' title='bbox 1046 3580 1100 3635; x_wconf 82' lang='lat' dir='ltr'>Sic.</span> <span class='ocrx_word' id='word_1_247' title='bbox 1118 3581 1175 3649; x_wconf 83' lang='grc' dir='ltr'>ΠΙ,</span> <span class='ocrx_word' id='word_1_248' title='bbox 1194 3581 1237 3635; x_wconf 89' lang='lat'>66.</span> 
     </span>
    </p>

    <p class='ocr_par' dir='ltr' id='par_1_6' title="bbox 328 3667 1372 3812">
     <span class='ocr_line' id='line_1_32' title="bbox 415 3667 1372 3738; baseline -0.004 -16"><span class='ocrx_word' id='word_1_249' title='bbox 415 3671 459 3738; x_wconf 84' lang='grc'>15)</span> <span class='ocrx_word' id='word_1_250' title='bbox 477 3670 590 3725; x_wconf 87' lang='lat' dir='ltr'>Iocutio</span> <span class='ocrx_word' id='word_1_251' title='bbox 608 3669 785 3738; x_wconf 88' lang='lat' dir='ltr'>proverbialis</span> <span class='ocrx_word' id='word_1_252' title='bbox 803 3671 846 3722; x_wconf 89' lang='lat' dir='ltr'>est</span> <span class='ocrx_word' id='word_1_253' title='bbox 862 3669 935 3738; x_wconf 91' lang='lat' dir='ltr'>apud</span> <span class='ocrx_word' id='word_1_254' title='bbox 946 3667 1071 3723; x_wconf 74' lang='lat' dir='ltr'>Eustath.</span> <span class='ocrx_word' id='word_1_255' title='bbox 1091 3669 1125 3722; x_wconf 92' lang='lat' dir='ltr'>ad</span> <span class='ocrx_word' id='word_1_256' title='bbox 1143 3667 1240 3736; x_wconf 82' lang='lat' dir='ltr'>Odyss</span> <span class='ocrx_word' id='word_1_257' title='bbox 1255 3683 1281 3736; x_wconf 89' lang='lat' dir='ltr'>p.</span> <span class='ocrx_word' id='word_1_258' title='bbox 1295 3667 1372 3720; x_wconf 78' lang='lat'>1757,</span> 
     </span>
     <span class='ocr_line' id='line_1_33' title="bbox 328 3755 738 3812; baseline 0 -2"><span class='ocrx_word' id='word_1_259' title='bbox 328 3757 361 3811; x_wconf 88' lang='lat' dir='ltr'>de</span> <span class='ocrx_word' id='word_1_260' title='bbox 380 3757 458 3812; x_wconf 88' lang='lat' dir='ltr'>miris</span> <span class='ocrx_word' id='word_1_261' title='bbox 477 3758 504 3811; x_wconf 87' lang='lat' dir='ltr'>et</span> <span class='ocrx_word' id='word_1_262' title='bbox 523 3755 738 3812; x_wconf 79' lang='lat' dir='ltr'>incredibilibus.</span> 
     </span>
    </p>
   </div>
   <div class='ocr_carea' id='block_1_3' title="bbox 0 0 1528 4588">
    <p class='ocr_par' dir='ltr' id='par_1_7' title="bbox 0 0 1528 4588">
     <span class='ocr_line' id='line_1_34' title="bbox 0 0 1528 4588; baseline 0 0"><span class='ocrx_word' id='word_1_263' title='bbox 0 0 1528 4588; x_wconf 95' lang='lat' dir='ltr'> </span> 
     </span>
    </p>
   </div>
  </div>
 </body>
</html>
