<?xml version="1.0" encoding="UTF-8"?>
<!DOCTYPE html PUBLIC "-//W3C//DTD XHTML 1.0 Transitional//EN"
    "http://www.w3.org/TR/xhtml1/DTD/xhtml1-transitional.dtd">
<html xmlns="http://www.w3.org/1999/xhtml" xml:lang="en" lang="en">
 <head>
  <title>
</title>
<meta http-equiv="Content-Type" content="text/html;charset=utf-8" />
  <meta name='ocr-system' content='tesseract 3.04.00' />
  <meta name='ocr-capabilities' content='ocr_page ocr_carea ocr_par ocr_line ocrx_word'/>
</head>
<body>
  <div class='ocr_page' id='page_1' title='image "./prolegomenaadho05wolfgoog/prolegomenaadho05wolfgoog_0199.png"; bbox 0 0 2980 4576; ppageno 0'>
   <div class='ocr_carea' id='block_1_1' title="bbox 549 344 713 397">
    <p class='ocr_par' dir='ltr' id='par_1_1' title="bbox 549 344 713 397">
     <span class='ocr_line' id='line_1_1' title="bbox 549 344 713 397; baseline 0.018 -11"><span class='ocrx_word' id='word_1_1' title='bbox 549 344 713 397; x_wconf 78' lang='lat' dir='ltr'><strong>Prolegomena.</strong></span> 
     </span>
    </p>
   </div>
   <div class='ocr_carea' id='block_1_2' title="bbox 18 477 1216 2398">
    <p class='ocr_par' dir='ltr' id='par_1_2' title="bbox 18 477 1216 2398">
     <span class='ocr_line' id='line_1_2' title="bbox 20 477 715 620; baseline -0.001 -29"><span class='ocrx_word' id='word_1_2' title='bbox 20 477 22 620; x_wconf 69' lang='lat' dir='ltr'><strong>l</strong></span> <span class='ocrx_word' id='word_1_3' title='bbox 561 523 715 590; x_wconf 79' lang='lat' dir='ltr'><strong>xnvn</strong></span> 
     </span>
     <span class='ocr_line' id='line_1_3' title="bbox 19 643 1157 740; baseline 0.006 -37"><span class='ocrx_word' id='word_1_4' title='bbox 19 643 21 740; x_wconf 58' lang='lat' dir='ltr'><strong>l</strong></span> <span class='ocrx_word' id='word_1_5' title='bbox 199 647 313 708; x_wconf 86' lang='lat' dir='ltr'><strong>Verum</strong></span> <span class='ocrx_word' id='word_1_6' title='bbox 341 647 399 708; x_wconf 85' lang='lat' dir='ltr'><strong>ista</strong></span> <span class='ocrx_word' id='word_1_7' title='bbox 428 649 526 709; x_wconf 90' lang='lat' dir='ltr'><strong>omnia</strong></span> <span class='ocrx_word' id='word_1_8' title='bbox 560 649 604 711; x_wconf 90' lang='lat' dir='ltr'><strong>sic</strong></span> <span class='ocrx_word' id='word_1_9' title='bbox 636 650 731 728; x_wconf 86' lang='lat' dir='ltr'><strong>accipi</strong></span> <span class='ocrx_word' id='word_1_10' title='bbox 763 650 871 725; x_wconf 85' lang='lat' dir='ltr'><strong>nolim,</strong></span> <span class='ocrx_word' id='word_1_11' title='bbox 906 651 991 728; x_wconf 88' lang='lat' dir='ltr'><strong>quasi</strong></span> <span class='ocrx_word' id='word_1_12' title='bbox 1013 652 1105 711; x_wconf 89' lang='lat' dir='ltr'><strong>bonos</strong></span> <span class='ocrx_word' id='word_1_13' title='bbox 1126 656 1157 710; x_wconf 92' lang='lat' dir='ltr'><strong>et</strong></span> 
     </span>
     <span class='ocr_line' id='line_1_4' title="bbox 19 741 1156 844; baseline 0.002 -32"><span class='ocrx_word' id='word_1_14' title='bbox 19 741 25 844; x_wconf 58' lang='lat' dir='ltr'><strong>i</strong></span> <span class='ocrx_word' id='word_1_15' title='bbox 114 758 264 813; x_wconf 86' lang='lat' dir='ltr'><strong>accuratos</strong></span> <span class='ocrx_word' id='word_1_16' title='bbox 286 753 493 815; x_wconf 85' lang='lat' dir='ltr'><strong>emendatores</strong></span> <span class='ocrx_word' id='word_1_17' title='bbox 522 773 632 831; x_wconf 81' lang='lat' dir='ltr'>negem</span> <span class='ocrx_word' id='word_1_18' title='bbox 653 756 784 834; x_wconf 73' lang='lat' dir='ltr'><strong>antiquis</strong></span> <span class='ocrx_word' id='word_1_19' title='bbox 806 761 837 816; x_wconf 91' lang='lat' dir='ltr'><strong>et</strong></span> <span class='ocrx_word' id='word_1_20' title='bbox 866 755 1025 833; x_wconf 83' lang='lat' dir='ltr'><strong>exquisitis</strong></span> <span class='ocrx_word' id='word_1_21' title='bbox 1048 755 1156 815; x_wconf 90' lang='lat' dir='ltr'><strong>codici·</strong></span> 
     </span>
     <span class='ocr_line' id='line_1_5' title="bbox 113 856 1156 936; baseline 0.001 -19.917"><span class='ocrx_word' id='word_1_22' title='bbox 113 858 166 917; x_wconf 89' lang='lat' dir='ltr'><strong>bus</strong></span> <span class='ocrx_word' id='word_1_23' title='bbox 189 875 261 916; x_wconf 89' lang='lat' dir='ltr'><strong>usos</strong></span> <span class='ocrx_word' id='word_1_24' title='bbox 283 875 364 931; x_wconf 85' lang='lat' dir='ltr'><strong>esse,</strong></span> <span class='ocrx_word' id='word_1_25' title='bbox 387 856 484 935; x_wconf 84' lang='lat' dir='ltr'><strong>iisque</strong></span> <span class='ocrx_word' id='word_1_26' title='bbox 499 860 705 935; x_wconf 88' lang='lat' dir='ltr'><strong>comparandis</strong></span> <span class='ocrx_word' id='word_1_27' title='bbox 725 859 887 936; x_wconf 80' lang='lat' dir='ltr'><strong>genuinam</strong></span> <span class='ocrx_word' id='word_1_28' title='bbox 908 860 1034 918; x_wconf 89' lang='lat' dir='ltr'><strong>formam</strong></span> <span class='ocrx_word' id='word_1_29' title='bbox 1053 863 1156 918; x_wconf 82' lang='lat' dir='ltr'><strong>textus</strong></span> 
     </span>
     <span class='ocr_line' id='line_1_6' title="bbox 19 951 1156 1046; baseline 0.004 -28"><span class='ocrx_word' id='word_1_30' title='bbox 19 951 21 1046; x_wconf 63' lang='lat' dir='ltr'><strong>l</strong></span> <span class='ocrx_word' id='word_1_31' title='bbox 113 962 305 1040; x_wconf 74' lang='lat' dir='ltr'><strong>quaesivisse.</strong></span> <span class='ocrx_word' id='word_1_32' title='bbox 350 964 391 1022; x_wconf 89' lang='lat' dir='ltr'><strong>At</strong></span> <span class='ocrx_word' id='word_1_33' title='bbox 412 965 543 1039; x_wconf 90' lang='lat' dir='ltr'><strong>genuina</strong></span> <span class='ocrx_word' id='word_1_34' title='bbox 564 965 626 1024; x_wconf 92' lang='lat' dir='ltr'><strong>illis</strong></span> <span class='ocrx_word' id='word_1_35' title='bbox 648 964 706 1024; x_wconf 87' lang='lat' dir='ltr'><strong>fuit</strong></span> <span class='ocrx_word' id='word_1_36' title='bbox 724 983 775 1040; x_wconf 79' lang='lat' dir='ltr'><strong>ea,</strong></span> <span class='ocrx_word' id='word_1_37' title='bbox 795 983 871 1042; x_wconf 91' lang='lat' dir='ltr'><strong>quae</strong></span> <span class='ocrx_word' id='word_1_38' title='bbox 893 969 1012 1042; x_wconf 75' lang='lat' dir='ltr'><strong>podiam</strong></span> <span class='ocrx_word' id='word_1_39' title='bbox 1026 963 1156 1023; x_wconf 85' lang='lat' dir='ltr'><strong>maxime</strong></span> 
     </span>
     <span class='ocr_line' id='line_1_7' title="bbox 19 1065 1156 1162; baseline 0.001 -37"><span class='ocrx_word' id='word_1_40' title='bbox 19 1109 21 1162; x_wconf 45' lang='lat' dir='ltr'><strong>q</strong></span> <span class='ocrx_word' id='word_1_41' title='bbox 112 1067 219 1128; x_wconf 88' lang='lat' dir='ltr'><strong>decere</strong></span> <span class='ocrx_word' id='word_1_42' title='bbox 241 1065 404 1126; x_wconf 80' lang='lat' dir='ltr'><strong>videbatiu.</strong></span> <span class='ocrx_word' id='word_1_43' title='bbox 449 1068 486 1128; x_wconf 92' lang='lat' dir='ltr'><strong>In</strong></span> <span class='ocrx_word' id='word_1_44' title='bbox 509 1086 580 1145; x_wconf 87' lang='lat' dir='ltr'><strong>quo,</strong></span> <span class='ocrx_word' id='word_1_45' title='bbox 606 1087 693 1129; x_wconf 91' lang='lat' dir='ltr'><strong>nemo</strong></span> <span class='ocrx_word' id='word_1_46' title='bbox 716 1087 777 1128; x_wconf 91' lang='lat' dir='ltr'><strong>non</strong></span> <span class='ocrx_word' id='word_1_47' title='bbox 791 1068 890 1144; x_wconf 85' lang='lat' dir='ltr'><strong>videt,</strong></span> <span class='ocrx_word' id='word_1_48' title='bbox 914 1068 1013 1128; x_wconf 89' lang='lat' dir='ltr'><strong>omnia</strong></span> <span class='ocrx_word' id='word_1_49' title='bbox 1028 1067 1156 1144; x_wconf 90' lang='lat' dir='ltr'><strong>denique</strong></span> 
     </span>
     <span class='ocr_line' id='line_1_8' title="bbox 18 1167 1156 1254; baseline -0.001 -23"><span class='ocrx_word' id='word_1_50' title='bbox 18 1167 21 1254; x_wconf 74' lang='grc'><strong>,1</strong></span> <span class='ocrx_word' id='word_1_51' title='bbox 112 1171 147 1231; x_wconf 86' lang='lat' dir='ltr'><strong>ad</strong></span> <span class='ocrx_word' id='word_1_52' title='bbox 176 1170 450 1231; x_wconf 82' lang='lat' dir='ltr'><strong>Alexandrinorum</strong></span> <span class='ocrx_word' id='word_1_53' title='bbox 475 1173 633 1249; x_wconf 88' lang='lat' dir='ltr'><strong>ingenium</strong></span> <span class='ocrx_word' id='word_1_54' title='bbox 662 1177 692 1234; x_wconf 90' lang='lat' dir='ltr'><strong>et</strong></span> <span class='ocrx_word' id='word_1_55' title='bbox 720 1173 876 1232; x_wconf 79' lang='lat' dir='ltr'><strong>arbitrium</strong></span> <span class='ocrx_word' id='word_1_56' title='bbox 897 1172 1002 1232; x_wconf 87' lang='lat' dir='ltr'><strong>redire.</strong></span> <span class='ocrx_word' id='word_1_57' title='bbox 1049 1169 1156 1244; x_wconf 83' lang='lat' dir='ltr'><strong>Quam·</strong></span> 
     </span>
     <span class='ocr_line' id='line_1_9' title="bbox 112 1276 1157 1354; baseline 0 -18"><span class='ocrx_word' id='word_1_58' title='bbox 112 1277 215 1336; x_wconf 91' lang='lat' dir='ltr'><strong>obrem</strong></span> <span class='ocrx_word' id='word_1_59' title='bbox 242 1277 274 1334; x_wconf 89' lang='grc'><strong>111</strong></span> <span class='ocrx_word' id='word_1_60' title='bbox 298 1281 381 1336; x_wconf 86' lang='lat' dir='ltr'><strong>tanta</strong></span> <span class='ocrx_word' id='word_1_61' title='bbox 408 1280 528 1354; x_wconf 87' lang='lat' dir='ltr'><strong>tamque</strong></span> <span class='ocrx_word' id='word_1_62' title='bbox 558 1277 729 1337; x_wconf 83' lang='lat' dir='ltr'><strong>calamitosa</strong></span> <span class='ocrx_word' id='word_1_63' title='bbox 760 1277 846 1336; x_wconf 81' lang='lat' dir='ltr'><strong>urina</strong></span> <span class='ocrx_word' id='word_1_64' title='bbox 875 1276 1062 1354; x_wconf 76' lang='lat' dir='ltr'><strong>antiquitatis</strong></span> <span class='ocrx_word' id='word_1_65' title='bbox 1090 1295 1157 1354; x_wconf 87' lang='lat' dir='ltr'><strong>pro-</strong></span> 
     </span>
     <span class='ocr_line' id='line_1_10' title="bbox 18 1365 1156 1459; baseline 0 -18"><span class='ocrx_word' id='word_1_66' title='bbox 18 1365 19 1392; x_wconf 71' lang='lat'>³</span> <span class='ocrx_word' id='word_1_67' title='bbox 113 1381 260 1459; x_wconf 90' lang='lat' dir='ltr'><strong>sperrime</strong></span> <span class='ocrx_word' id='word_1_68' title='bbox 282 1380 399 1456; x_wconf 85' lang='lat' dir='ltr'><strong>evenit,</strong></span> <span class='ocrx_word' id='word_1_69' title='bbox 427 1386 462 1440; x_wconf 91' lang='lat' dir='ltr'><strong>nt</strong></span> <span class='ocrx_word' id='word_1_70' title='bbox 480 1383 507 1442; x_wconf 85' lang='lat' dir='ltr'><strong>is</strong></span> <span class='ocrx_word' id='word_1_71' title='bbox 527 1381 718 1459; x_wconf 86' lang='lat' dir='ltr'><strong>potissimum</strong></span> <span class='ocrx_word' id='word_1_72' title='bbox 739 1399 847 1441; x_wconf 85' lang='lat' dir='ltr'><strong>manus</strong></span> <span class='ocrx_word' id='word_1_73' title='bbox 874 1382 1043 1441; x_wconf 88' lang='lat' dir='ltr'><strong>admoveret</strong></span> <span class='ocrx_word' id='word_1_74' title='bbox 1065 1381 1156 1458; x_wconf 89' lang='lat' dir='ltr'><strong>operi,</strong></span> 
     </span>
     <span class='ocr_line' id='line_1_11' title="bbox 110 1483 1216 1569; baseline 0 -23"><span class='ocrx_word' id='word_1_75' title='bbox 110 1488 345 1563; x_wconf 86' lang='lat' dir='ltr'><strong>prebareturque</strong></span> <span class='ocrx_word' id='word_1_76' title='bbox 360 1485 505 1562; x_wconf 86' lang='lat' dir='ltr'><strong>maxime,</strong></span> <span class='ocrx_word' id='word_1_77' title='bbox 527 1487 579 1564; x_wconf 91' lang='lat' dir='ltr'><strong>qui</strong></span> <span class='ocrx_word' id='word_1_78' title='bbox 595 1483 599 1569; x_wconf 75' lang='grc' dir='ltr'>Ι</span> <span class='ocrx_word' id='word_1_79' title='bbox 616 1493 697 1547; x_wconf 87' lang='lat' dir='ltr'><strong>certe</strong></span> <span class='ocrx_word' id='word_1_80' title='bbox 712 1505 773 1547; x_wconf 95' lang='lat' dir='ltr'><strong>non</strong></span> <span class='ocrx_word' id='word_1_81' title='bbox 788 1492 870 1547; x_wconf 88' lang='lat' dir='ltr'><strong>esset</strong></span> <span class='ocrx_word' id='word_1_82' title='bbox 887 1487 920 1545; x_wconf 94' lang='lat' dir='ltr'><strong>in</strong></span> <span class='ocrx_word' id='word_1_83' title='bbox 941 1486 1156 1561; x_wconf 85' lang='lat' dir='ltr'><strong>audacissimis,</strong></span> <span class='ocrx_word' id='word_1_84' title='bbox 1165 1499 1216 1555; x_wconf 82' lang='lat'><strong>237</strong></span> 
     </span>
     <span class='ocr_line' id='line_1_12' title="bbox 112 1593 1157 1671; baseline -0.001 -18"><span class='ocrx_word' id='word_1_85' title='bbox 112 1595 165 1671; x_wconf 89' lang='lat' dir='ltr'><strong>&#39;qui</strong></span> <span class='ocrx_word' id='word_1_86' title='bbox 198 1610 288 1669; x_wconf 87' lang='lat' dir='ltr'><strong>saepe</strong></span> <span class='ocrx_word' id='word_1_87' title='bbox 319 1593 518 1654; x_wconf 86' lang='lat' dir='ltr'><strong>Zenodoteam</strong></span> <span class='ocrx_word' id='word_1_88' title='bbox 549 1594 751 1654; x_wconf 82' lang='lat' dir='ltr'><strong>temeritatem</strong></span> <span class='ocrx_word' id='word_1_89' title='bbox 791 1599 954 1668; x_wconf 82' lang='lat' dir='ltr'><strong>coerceret,</strong></span> <span class='ocrx_word' id='word_1_90' title='bbox 988 1593 1041 1670; x_wconf 90' lang='lat' dir='ltr'><strong>qui</strong></span> <span class='ocrx_word' id='word_1_91' title='bbox 1070 1611 1157 1654; x_wconf 87' lang='lat' dir='ltr'><strong>veras</strong></span> 
     </span>
     <span class='ocr_line' id='line_1_13' title="bbox 112 1697 1158 1776; baseline -0.002 -18"><span class='ocrx_word' id='word_1_92' title='bbox 112 1698 261 1759; x_wconf 84' lang='lat' dir='ltr'><strong>sermonis</strong></span> <span class='ocrx_word' id='word_1_93' title='bbox 285 1697 391 1758; x_wconf 81' lang='lat' dir='ltr'><strong>Graeci</strong></span> <span class='ocrx_word' id='word_1_94' title='bbox 412 1698 496 1776; x_wconf 90' lang='lat' dir='ltr'><strong>leges</strong></span> <span class='ocrx_word' id='word_1_95' title='bbox 518 1699 691 1758; x_wconf 86' lang='lat' dir='ltr'><strong>acutissime</strong></span> <span class='ocrx_word' id='word_1_96' title='bbox 706 1699 839 1758; x_wconf 91' lang='lat' dir='ltr'><strong>omnium</strong></span> <span class='ocrx_word' id='word_1_97' title='bbox 861 1697 1052 1773; x_wconf 89' lang='lat' dir='ltr'><strong>intelligeret.</strong></span> <span class='ocrx_word' id='word_1_98' title='bbox 1098 1697 1158 1759; x_wconf 84' lang='lat' dir='ltr'><strong>Sed</strong></span> 
     </span>
     <span class='ocr_line' id='line_1_14' title="bbox 111 1801 1158 1881; baseline -0.002 -18"><span class='ocrx_word' id='word_1_99' title='bbox 111 1804 149 1864; x_wconf 91' lang='lat' dir='ltr'><strong>de</strong></span> <span class='ocrx_word' id='word_1_100' title='bbox 169 1803 220 1863; x_wconf 85' lang='lat' dir='ltr'><strong>bis</strong></span> <span class='ocrx_word' id='word_1_101' title='bbox 241 1803 331 1862; x_wconf 86' lang='lat' dir='ltr'><strong>rebus</strong></span> <span class='ocrx_word' id='word_1_102' title='bbox 353 1802 454 1878; x_wconf 90' lang='lat' dir='ltr'><strong>paullo</strong></span> <span class='ocrx_word' id='word_1_103' title='bbox 476 1807 557 1879; x_wconf 86' lang='lat' dir='ltr'><strong>post,</strong></span> <span class='ocrx_word' id='word_1_104' title='bbox 586 1803 638 1862; x_wconf 89' lang='lat' dir='ltr'><strong>ubi</strong></span> <span class='ocrx_word' id='word_1_105' title='bbox 661 1803 810 1880; x_wconf 85' lang='lat' dir='ltr'><strong>exemplis</strong></span> <span class='ocrx_word' id='word_1_106' title='bbox 832 1802 992 1881; x_wconf 86' lang='lat' dir='ltr'><strong>propositis</strong></span> <span class='ocrx_word' id='word_1_107' title='bbox 1013 1801 1158 1878; x_wconf 88' lang='lat' dir='ltr'><strong>probatis·</strong></span> 
     </span>
     <span class='ocr_line' id='line_1_15' title="bbox 112 1907 849 1983; baseline -0.001 -16"><span class='ocrx_word' id='word_1_108' title='bbox 112 1907 184 1968; x_wconf 92' lang='lat' dir='ltr'><strong>simi</strong></span> <span class='ocrx_word' id='word_1_109' title='bbox 204 1907 308 1967; x_wconf 86' lang='lat' dir='ltr'><strong>Oritici</strong></span> <span class='ocrx_word' id='word_1_110' title='bbox 328 1907 485 1983; x_wconf 88' lang='lat' dir='ltr'><strong>ingenium</strong></span> <span class='ocrx_word' id='word_1_111' title='bbox 506 1913 537 1967; x_wconf 91' lang='lat' dir='ltr'><strong>et</strong></span> <span class='ocrx_word' id='word_1_112' title='bbox 558 1911 653 1967; x_wconf 89' lang='lat' dir='ltr'><strong>artem</strong></span> <span class='ocrx_word' id='word_1_113' title='bbox 675 1907 849 1968; x_wconf 83' lang='lat' dir='ltr'><strong>describam</strong></span> 
     </span>
     <span class='ocr_line' id='line_1_16' title="bbox 199 2010 1159 2089; baseline -0.004 -17"><span class='ocrx_word' id='word_1_114' title='bbox 199 2011 245 2072; x_wconf 81' lang='lat' dir='ltr'><strong>Ea</strong></span> <span class='ocrx_word' id='word_1_115' title='bbox 267 2012 406 2088; x_wconf 83' lang='lat' dir='ltr'><strong>exempla</strong></span> <span class='ocrx_word' id='word_1_116' title='bbox 430 2017 549 2089; x_wconf 86' lang='lat' dir='ltr'><strong>sumpta</strong></span> <span class='ocrx_word' id='word_1_117' title='bbox 570 2017 642 2071; x_wconf 88' lang='lat' dir='ltr'><strong>sunt</strong></span> <span class='ocrx_word' id='word_1_118' title='bbox 663 2029 704 2071; x_wconf 84' lang='lat' dir='ltr'><strong>ex</strong></span> <span class='ocrx_word' id='word_1_119' title='bbox 729 2010 868 2089; x_wconf 85' lang='lat' dir='ltr'><strong>reliquiis</strong></span> <span class='ocrx_word' id='word_1_120' title='bbox 890 2012 1007 2070; x_wconf 65' lang='lat' dir='ltr'><strong>musiaco</strong></span> <span class='ocrx_word' id='word_1_121' title='bbox 1029 2011 1159 2068; x_wconf 72' lang='lat' dir='ltr'><strong>recentio-</strong></span> 
     </span>
     <span class='ocr_line' id='line_1_17' title="bbox 110 2114 1159 2194; baseline -0.001 -19"><span class='ocrx_word' id='word_1_122' title='bbox 110 2137 195 2191; x_wconf 79' lang='lat' dir='ltr'><strong>aum,</strong></span> <span class='ocrx_word' id='word_1_123' title='bbox 216 2135 292 2194; x_wconf 89' lang='lat' dir='ltr'><strong>quae</strong></span> <span class='ocrx_word' id='word_1_124' title='bbox 316 2117 388 2176; x_wconf 92' lang='lat' dir='ltr'><strong>olim</strong></span> <span class='ocrx_word' id='word_1_125' title='bbox 408 2117 445 2175; x_wconf 88' lang='lat' dir='ltr'><strong>ad</strong></span> <span class='ocrx_word' id='word_1_126' title='bbox 460 2117 667 2176; x_wconf 79' lang='lat' dir='ltr'><strong>Aristarchum</strong></span> <span class='ocrx_word' id='word_1_127' title='bbox 687 2117 900 2176; x_wconf 88' lang='lat' dir='ltr'><strong>referebantur.</strong></span> <span class='ocrx_word' id='word_1_128' title='bbox 945 2115 1041 2193; x_wconf 91' lang='lat' dir='ltr'><strong>quue</strong></span> <span class='ocrx_word' id='word_1_129' title='bbox 1058 2114 1159 2174; x_wconf 84' lang='lat' dir='ltr'><strong>statim</strong></span> 
     </span>
     <span class='ocr_line' id='line_1_18' title="bbox 110 2219 1158 2301; baseline -0.005 -19"><span class='ocrx_word' id='word_1_130' title='bbox 110 2226 184 2301; x_wconf 86' lang='lat' dir='ltr'><strong>post</strong></span> <span class='ocrx_word' id='word_1_131' title='bbox 206 2225 333 2282; x_wconf 84' lang='lat' dir='ltr'><strong>mortem</strong></span> <span class='ocrx_word' id='word_1_132' title='bbox 355 2221 422 2281; x_wconf 91' lang='lat' dir='ltr'><strong>eius</strong></span> <span class='ocrx_word' id='word_1_133' title='bbox 444 2221 556 2281; x_wconf 85' lang='lat' dir='ltr'><strong>iactum</strong></span> <span class='ocrx_word' id='word_1_134' title='bbox 578 2221 710 2281; x_wconf 88' lang='lat' dir='ltr'><strong>arbitror.</strong></span> <span class='ocrx_word' id='word_1_135' title='bbox 754 2219 832 2282; x_wconf 87' lang='lat' dir='ltr'><strong>Nam</strong></span> <span class='ocrx_word' id='word_1_136' title='bbox 859 2239 953 2298; x_wconf 91' lang='lat' dir='ltr'><strong>quum</strong></span> <span class='ocrx_word' id='word_1_137' title='bbox 974 2219 1158 2292; x_wconf 86' lang='lat' dir='ltr'><strong>Ammonius,</strong></span> 
     </span>
     <span class='ocr_line' id='line_1_19' title="bbox 110 2324 1159 2398; baseline -0.004 -12"><span class='ocrx_word' id='word_1_138' title='bbox 110 2325 282 2386; x_wconf 81' lang='lat' dir='ltr'><strong>Aristarchi</strong></span> <span class='ocrx_word' id='word_1_139' title='bbox 297 2325 414 2385; x_wconf 87' lang='lat' dir='ltr'><strong>auditor</strong></span> <span class='ocrx_word' id='word_1_140' title='bbox 426 2330 458 2385; x_wconf 91' lang='lat' dir='ltr'><strong>et</strong></span> <span class='ocrx_word' id='word_1_141' title='bbox 477 2343 631 2386; x_wconf 88' lang='lat' dir='ltr'><strong>successor</strong></span> <span class='ocrx_word' id='word_1_142' title='bbox 652 2326 685 2385; x_wconf 91' lang='lat' dir='ltr'><strong>in</strong></span> <span class='ocrx_word' id='word_1_143' title='bbox 700 2325 801 2384; x_wconf 86' lang='lat' dir='ltr'><strong>schola</strong></span> <span class='ocrx_word' id='word_1_144' title='bbox 815 2324 1027 2398; x_wconf 84' lang='lat' dir='ltr'><strong>Alexandrina,</strong></span> <span class='ocrx_word' id='word_1_145' title='bbox 1048 2324 1159 2383; x_wconf 90' lang='lat' dir='ltr'><strong>librum</strong></span> 
     </span>
    </p>
   </div>
   <div class='ocr_carea' id='block_1_3' title="bbox 110 2419 1161 3140">
    <p class='ocr_par' dir='ltr' id='par_1_3' title="bbox 110 2419 1161 3140">
     <span class='ocr_line' id='line_1_20' title="bbox 111 2419 1160 2512; baseline -0.007 -20"><span class='ocrx_word' id='word_1_146' title='bbox 111 2430 275 2505; x_wconf 79' lang='lat' dir='ltr'><strong>scriberet,</strong></span> <span class='ocrx_word' id='word_1_147' title='bbox 305 2422 382 2511; x_wconf 79' lang='grc' dir='ltr'><strong><em>περὶ</em></strong></span> <span class='ocrx_word' id='word_1_148' title='bbox 411 2427 469 2489; x_wconf 76' lang='grc' dir='ltr'><strong>τοῦ</strong></span> <span class='ocrx_word' id='word_1_149' title='bbox 497 2425 540 2512; x_wconf 80' lang='grc' dir='ltr'><strong>μὴ</strong></span> <span class='ocrx_word' id='word_1_150' title='bbox 570 2422 730 2510; x_wconf 72' lang='grc' dir='ltr'><strong><em>γεγονέναι</em></strong></span> <span class='ocrx_word' id='word_1_151' title='bbox 759 2419 912 2500; x_wconf 77' lang='grc' dir='ltr'><strong><em>πλείονας</em></strong></span> <span class='ocrx_word' id='word_1_152' title='bbox 940 2420 1084 2498; x_wconf 64' lang='grc' dir='ltr'><strong><em>ἐκδόσεις</em></strong></span> <span class='ocrx_word' id='word_1_153' title='bbox 1104 2424 1160 2509; x_wconf 80' lang='grc' dir='ltr'><strong>τῆς</strong></span> 
     </span>
     <span class='ocr_line' id='line_1_21' title="bbox 113 2525 1160 2616; baseline -0.004 -21"><span class='ocrx_word' id='word_1_154' title='bbox 113 2525 360 2616; x_wconf 82' lang='grc' dir='ltr'><strong><em>Ἀρισταρχείσυ</em></strong></span> <span class='ocrx_word' id='word_1_155' title='bbox 378 2529 663 2615; x_wconf 64' lang='grc' dir='ltr'><strong>,διορθώσεως19),</strong></span> <span class='ocrx_word' id='word_1_156' title='bbox 686 2552 830 2612; x_wconf 88' lang='lat' dir='ltr'><strong>perquam</strong></span> <span class='ocrx_word' id='word_1_157' title='bbox 852 2533 993 2594; x_wconf 89' lang='lat' dir='ltr'><strong>credibile</strong></span> <span class='ocrx_word' id='word_1_158' title='bbox 1015 2538 1077 2608; x_wconf 86' lang='lat' dir='ltr'><strong>est,</strong></span> <span class='ocrx_word' id='word_1_159' title='bbox 1100 2533 1160 2592; x_wconf 90' lang='lat' dir='ltr'><strong>iam</strong></span> 
     </span>
     <span class='ocr_line' id='line_1_22' title="bbox 110 2637 1161 2718; baseline -0.005 -16"><span class='ocrx_word' id='word_1_160' title='bbox 110 2648 182 2702; x_wconf 92' lang='lat' dir='ltr'><strong>tum</strong></span> <span class='ocrx_word' id='word_1_161' title='bbox 204 2641 356 2718; x_wconf 84' lang='lat' dir='ltr'><strong>duplicem</strong></span> <span class='ocrx_word' id='word_1_162' title='bbox 379 2640 540 2700; x_wconf 87' lang='lat' dir='ltr'><strong>editionem</strong></span> <span class='ocrx_word' id='word_1_163' title='bbox 560 2657 614 2699; x_wconf 90' lang='lat' dir='ltr'><strong>seu</strong></span> <span class='ocrx_word' id='word_1_164' title='bbox 637 2639 750 2718; x_wconf 85' lang='lat' dir='ltr'><strong>duplex</strong></span> <span class='ocrx_word' id='word_1_165' title='bbox 765 2639 939 2716; x_wconf 85' lang='lat' dir='ltr'><strong>exemplum</strong></span> <span class='ocrx_word' id='word_1_166' title='bbox 953 2637 1161 2698; x_wconf 83' lang='lat' dir='ltr'><strong>Aristarcheae</strong></span> 
     </span>
     <span class='ocr_line' id='line_1_23' title="bbox 110 2741 1161 2822; baseline -0.006 -15"><span class='ocrx_word' id='word_1_167' title='bbox 110 2746 302 2808; x_wconf 86' lang='lat' dir='ltr'><strong>recensionis</strong></span> <span class='ocrx_word' id='word_1_168' title='bbox 335 2746 368 2804; x_wconf 91' lang='lat' dir='ltr'><strong>in</strong></span> <span class='ocrx_word' id='word_1_169' title='bbox 396 2746 510 2806; x_wconf 85' lang='lat' dir='ltr'><strong>muscis</strong></span> <span class='ocrx_word' id='word_1_170' title='bbox 545 2744 731 2805; x_wconf 81' lang='lat' dir='ltr'><strong>circumferri</strong></span> <span class='ocrx_word' id='word_1_171' title='bbox 763 2743 907 2822; x_wconf 86' lang='lat' dir='ltr'><strong>coepisse.</strong></span> <span class='ocrx_word' id='word_1_172' title='bbox 953 2742 1036 2817; x_wconf 82' lang='lat' dir='ltr'><strong>Quae</strong></span> <span class='ocrx_word' id='word_1_173' title='bbox 1061 2741 1161 2820; x_wconf 91' lang='lat' dir='ltr'><strong>opinio</strong></span> 
     </span>
     <span class='ocr_line' id='line_1_24' title="bbox 111 2848 1161 2928; baseline -0.005 -16"><span class='ocrx_word' id='word_1_174' title='bbox 111 2859 145 2913; x_wconf 88' lang='lat' dir='ltr'><strong>et</strong></span> <span class='ocrx_word' id='word_1_175' title='bbox 168 2852 251 2911; x_wconf 84' lang='lat' dir='ltr'><strong>fama</strong></span> <span class='ocrx_word' id='word_1_176' title='bbox 272 2851 362 2910; x_wconf 89' lang='lat' dir='ltr'><strong>etiam</strong></span> <span class='ocrx_word' id='word_1_177' title='bbox 384 2851 494 2911; x_wconf 91' lang='lat' dir='ltr'><strong>deinde</strong></span> <span class='ocrx_word' id='word_1_178' title='bbox 517 2850 628 2911; x_wconf 90' lang='lat' dir='ltr'><strong>mansit</strong></span> <span class='ocrx_word' id='word_1_179' title='bbox 650 2849 730 2928; x_wconf 91' lang='lat' dir='ltr'><strong>apud</strong></span> <span class='ocrx_word' id='word_1_180' title='bbox 748 2849 978 2924; x_wconf 77' lang='lat' dir='ltr'><strong>Grammaticos,</strong></span> <span class='ocrx_word' id='word_1_181' title='bbox 999 2848 1161 2925; x_wconf 84' lang='lat' dir='ltr'><strong>exquibus</strong></span> 
     </span>
     <span class='ocr_line' id='line_1_25' title="bbox 111 2950 1161 3034; baseline -0.005 -17"><span class='ocrx_word' id='word_1_182' title='bbox 111 2959 147 3017; x_wconf 95' lang='lat' dir='ltr'><strong>in</strong></span> <span class='ocrx_word' id='word_1_183' title='bbox 173 2955 300 3018; x_wconf 86' lang='lat' dir='ltr'><strong>Scholiis</strong></span> <span class='ocrx_word' id='word_1_184' title='bbox 323 2973 411 3034; x_wconf 88' lang='lat' dir='ltr'><strong>saepe</strong></span> <span class='ocrx_word' id='word_1_185' title='bbox 434 2974 600 3016; x_wconf 86' lang='lat' dir='ltr'><strong>consensus</strong></span> <span class='ocrx_word' id='word_1_186' title='bbox 615 2955 780 3033; x_wconf 84' lang='lat' dir='ltr'><strong>scripturae</strong></span> <span class='ocrx_word' id='word_1_187' title='bbox 800 2954 957 3031; x_wconf 88' lang='lat' dir='ltr'><strong>utriusque</strong></span> <span class='ocrx_word' id='word_1_188' title='bbox 979 2950 1161 3028; x_wconf 54' lang='lat' dir='ltr'><strong>notatum),</strong></span> 
     </span>
     <span class='ocr_line' id='line_1_26' title="bbox 111 3048 1161 3140; baseline -0.004 -19"><span class='ocrx_word' id='word_1_189' title='bbox 111 3062 190 3122; x_wconf 89' lang='lat' dir='ltr'><strong>alibi</strong></span> <span class='ocrx_word' id='word_1_190' title='bbox 213 3061 285 3139; x_wconf 90' lang='lat' dir='ltr'><strong>quid</strong></span> <span class='ocrx_word' id='word_1_191' title='bbox 306 3061 400 3121; x_wconf 88' lang='lat' dir='ltr'><strong>altera</strong></span> <span class='ocrx_word' id='word_1_192' title='bbox 421 3062 458 3121; x_wconf 92' lang='lat' dir='ltr'><strong>ab</strong></span> <span class='ocrx_word' id='word_1_193' title='bbox 472 3061 566 3120; x_wconf 85' lang='lat' dir='ltr'><strong>altera</strong></span> <span class='ocrx_word' id='word_1_194' title='bbox 581 3060 700 3120; x_wconf 86' lang='lat' dir='ltr'><strong>differat</strong></span> <span class='ocrx_word' id='word_1_195' title='bbox 712 3055 772 3140; x_wconf 77' lang='lat'><strong>²¹),</strong></span> <span class='ocrx_word' id='word_1_196' title='bbox 794 3058 891 3119; x_wconf 88' lang='lat' dir='ltr'><strong>rarius</strong></span> <span class='ocrx_word' id='word_1_197' title='bbox 906 3057 963 3133; x_wconf 86' lang='lat' dir='ltr'><strong>ita,</strong></span> <span class='ocrx_word' id='word_1_198' title='bbox 985 3062 1020 3118; x_wconf 90' lang='lat' dir='ltr'><strong>ut</strong></span> <span class='ocrx_word' id='word_1_199' title='bbox 1041 3048 1161 3138; x_wconf 79' lang='grc' dir='ltr'><strong><em>προέκ-</em></strong></span> 
     </span>
    </p>
   </div>
   <div class='ocr_carea' id='block_1_4' title="bbox 112 3268 1166 3867">
    <p class='ocr_par' dir='ltr' id='par_1_4' title="bbox 112 3268 1164 3515">
     <span class='ocr_line' id='line_1_27' title="bbox 208 3268 1164 3341; baseline -0.004 -15"><span class='ocrx_word' id='word_1_200' title='bbox 208 3273 252 3341; x_wconf 82' lang='grc'><strong>19)</strong></span> <span class='ocrx_word' id='word_1_201' title='bbox 271 3273 341 3327; x_wconf 88' lang='lat' dir='ltr'><strong>Vide</strong></span> <span class='ocrx_word' id='word_1_202' title='bbox 359 3271 528 3341; x_wconf 76' lang='lat' dir='ltr'><strong>praeclarum</strong></span> <span class='ocrx_word' id='word_1_203' title='bbox 545 3270 633 3326; x_wconf 82' lang='lat' dir='ltr'><strong>Schcl.</strong></span> <span class='ocrx_word' id='word_1_204' title='bbox 653 3286 668 3324; x_wconf 93' lang='lat' dir='ltr'><strong>e</strong></span> <span class='ocrx_word' id='word_1_205' title='bbox 685 3269 802 3340; x_wconf 84' lang='lat' dir='ltr'><strong>Didymo</strong></span> <span class='ocrx_word' id='word_1_206' title='bbox 821 3285 879 3323; x_wconf 88' lang='lat' dir='ltr'><strong>exc.</strong></span> <span class='ocrx_word' id='word_1_207' title='bbox 898 3269 932 3324; x_wconf 88' lang='lat' dir='ltr'><strong>ad</strong></span> <span class='ocrx_word' id='word_1_208' title='bbox 950 3287 973 3323; x_wconf 79' lang='lat' dir='ltr'><strong>a.</strong></span> <span class='ocrx_word' id='word_1_209' title='bbox 987 3269 1046 3324; x_wconf 81' lang='lat'>397.</span> <span class='ocrx_word' id='word_1_210' title='bbox 1083 3268 1164 3322; x_wconf 89' lang='lat' dir='ltr'><strong>Liber</strong></span> 
     </span>
     <span class='ocr_line' id='line_1_28' title="bbox 112 3356 1164 3428; baseline -0.01 -10"><span class='ocrx_word' id='word_1_211' title='bbox 112 3363 141 3418; x_wconf 82' lang='lat' dir='ltr'><strong>is</strong></span> <span class='ocrx_word' id='word_1_212' title='bbox 164 3361 238 3416; x_wconf 78' lang='lat' dir='ltr'><strong>haud</strong></span> <span class='ocrx_word' id='word_1_213' title='bbox 257 3360 338 3415; x_wconf 88' lang='lat' dir='ltr'><strong>dubie</strong></span> <span class='ocrx_word' id='word_1_214' title='bbox 356 3360 429 3413; x_wconf 88' lang='lat' dir='ltr'><strong>idem</strong></span> <span class='ocrx_word' id='word_1_215' title='bbox 448 3361 502 3428; x_wconf 77' lang='lat' dir='ltr'><strong>est,</strong></span> <span class='ocrx_word' id='word_1_216' title='bbox 521 3359 568 3428; x_wconf 80' lang='lat' dir='ltr'><strong>qui</strong></span> <span class='ocrx_word' id='word_1_217' title='bbox 587 3359 621 3414; x_wconf 73' lang='lat' dir='ltr'><strong>ed</strong></span> <span class='ocrx_word' id='word_1_218' title='bbox 639 3378 661 3412; x_wconf 79' lang='grc' dir='ltr'><strong>τ.</strong></span> <span class='ocrx_word' id='word_1_219' title='bbox 682 3358 741 3412; x_wconf 82' lang='grc'><strong>365.</strong></span> <span class='ocrx_word' id='word_1_220' title='bbox 761 3357 872 3426; x_wconf 74' lang='lat' dir='ltr'><strong>citatur,</strong></span> <span class='ocrx_word' id='word_1_221' title='bbox 892 3359 970 3425; x_wconf 81' lang='grc' dir='ltr'><strong>περὶ</strong></span> <span class='ocrx_word' id='word_1_222' title='bbox 987 3359 1045 3423; x_wconf 83' lang='grc' dir='ltr'><strong>τῆς</strong></span> <span class='ocrx_word' id='word_1_223' title='bbox 1064 3356 1164 3409; x_wconf 74' lang='grc' dir='ltr'><strong><em>ἐπεκ-</em></strong></span> 
     </span>
     <span class='ocr_line' id='line_1_29' title="bbox 114 3443 1053 3515; baseline -0.007 -12"><span class='ocrx_word' id='word_1_224' title='bbox 114 3451 290 3514; x_wconf 62' lang='lat' dir='ltr'><strong>dotatam</strong></span> <span class='ocrx_word' id='word_1_225' title='bbox 310 3447 545 3515; x_wconf 73' lang='grc' dir='ltr'><strong>διορθώσεως,</strong></span> <span class='ocrx_word' id='word_1_226' title='bbox 564 3447 592 3499; x_wconf 83' lang='lat' dir='ltr'><strong>et</strong></span> <span class='ocrx_word' id='word_1_227' title='bbox 609 3446 677 3500; x_wconf 75' lang='lat' dir='ltr'><strong>hace</strong></span> <span class='ocrx_word' id='word_1_228' title='bbox 695 3445 808 3500; x_wconf 61' lang='lat' dir='ltr'><strong>sedasse</strong></span> <span class='ocrx_word' id='word_1_229' title='bbox 824 3460 890 3500; x_wconf 72' lang='lat' dir='ltr'><strong>vera</strong></span> <span class='ocrx_word' id='word_1_230' title='bbox 904 3443 1053 3511; x_wconf 78' lang='lat' dir='ltr'><strong>inscriptio.</strong></span> 
     </span>
    </p>

    <p class='ocr_par' dir='ltr' id='par_1_5' title="bbox 113 3526 1164 3782">
     <span class='ocr_line' id='line_1_30' title="bbox 208 3526 1163 3603; baseline -0.005 -15"><span class='ocrx_word' id='word_1_231' title='bbox 208 3535 253 3601; x_wconf 89' lang='grc'><strong>20)</strong></span> <span class='ocrx_word' id='word_1_232' title='bbox 271 3533 370 3590; x_wconf 81' lang='lat' dir='ltr'><strong>Verbis</strong></span> <span class='ocrx_word' id='word_1_233' title='bbox 389 3527 620 3603; x_wconf 80' lang='grc' dir='ltr'><strong><em>αἱἈριστιίρχου,</em></strong></span> <span class='ocrx_word' id='word_1_234' title='bbox 641 3533 670 3584; x_wconf 84' lang='lat' dir='ltr'><strong>al</strong></span> <span class='ocrx_word' id='word_1_235' title='bbox 683 3526 897 3602; x_wconf 78' lang='grc' dir='ltr'><strong><em>Ἀριστάρχειοι,</em></strong></span> <span class='ocrx_word' id='word_1_236' title='bbox 915 3533 947 3585; x_wconf 86' lang='lat' dir='ltr'><strong>ut</strong></span> <span class='ocrx_word' id='word_1_237' title='bbox 965 3549 990 3584; x_wconf 87' lang='grc' dir='ltr'><strong>ιι.</strong></span> <span class='ocrx_word' id='word_1_238' title='bbox 1004 3529 1046 3584; x_wconf 88' lang='grc'><strong>91.</strong></span> <span class='ocrx_word' id='word_1_239' title='bbox 1064 3537 1089 3598; x_wconf 78' lang='grc' dir='ltr'><strong>β.</strong></span> <span class='ocrx_word' id='word_1_240' title='bbox 1104 3529 1163 3583; x_wconf 88' lang='grc'><strong>221.</strong></span> 
     </span>
     <span class='ocr_line' id='line_1_31' title="bbox 113 3616 1164 3695; baseline -0.004 -20"><span class='ocrx_word' id='word_1_241' title='bbox 113 3645 145 3695; x_wconf 86' lang='lat' dir='ltr'><strong>y.</strong></span> <span class='ocrx_word' id='word_1_242' title='bbox 167 3622 225 3677; x_wconf 84' lang='lat'>292.</span> <span class='ocrx_word' id='word_1_243' title='bbox 247 3640 265 3674; x_wconf 82' lang='grc' dir='ltr'><strong>ε.</strong></span> <span class='ocrx_word' id='word_1_244' title='bbox 284 3621 344 3676; x_wconf 89' lang='grc'><strong>808.</strong></span> <span class='ocrx_word' id='word_1_245' title='bbox 364 3622 382 3681; x_wconf 71' lang='grc' dir='ltr'>ζ</span> <span class='ocrx_word' id='word_1_246' title='bbox 398 3619 458 3674; x_wconf 88' lang='grc'><strong>288.</strong></span> <span class='ocrx_word' id='word_1_247' title='bbox 478 3641 496 3673; x_wconf 83' lang='grc' dir='ltr'><strong>ι.</strong></span> <span class='ocrx_word' id='word_1_248' title='bbox 511 3620 570 3674; x_wconf 84' lang='grc'>576.</span> <span class='ocrx_word' id='word_1_249' title='bbox 589 3617 673 3687; x_wconf 74' lang='grc'><strong>[588]</strong></span> <span class='ocrx_word' id='word_1_250' title='bbox 693 3639 725 3688; x_wconf 88' lang='grc' dir='ltr'><strong>μ.</strong></span> <span class='ocrx_word' id='word_1_251' title='bbox 738 3618 799 3672; x_wconf 84' lang='grc'>404.</span> <span class='ocrx_word' id='word_1_252' title='bbox 819 3637 842 3687; x_wconf 92' lang='grc' dir='ltr'><strong>ρ.</strong></span> <span class='ocrx_word' id='word_1_253' title='bbox 855 3617 930 3685; x_wconf 78' lang='grc'><strong>681,</strong></span> <span class='ocrx_word' id='word_1_254' title='bbox 948 3616 1072 3685; x_wconf 84' lang='lat' dir='ltr'><strong>pluribus</strong></span> <span class='ocrx_word' id='word_1_255' title='bbox 1088 3617 1164 3685; x_wconf 77' lang='lat' dir='ltr'><strong>lucie,</strong></span> 
     </span>
     <span class='ocr_line' id='line_1_32' title="bbox 115 3705 638 3782; baseline -0.01 -18"><span class='ocrx_word' id='word_1_256' title='bbox 115 3727 189 3782; x_wconf 91' lang='lat' dir='ltr'><strong>quos</strong></span> <span class='ocrx_word' id='word_1_257' title='bbox 208 3726 272 3763; x_wconf 89' lang='lat' dir='ltr'><strong>mox</strong></span> <span class='ocrx_word' id='word_1_258' title='bbox 290 3709 324 3764; x_wconf 86' lang='lat' dir='ltr'><strong>ad</strong></span> <span class='ocrx_word' id='word_1_259' title='bbox 343 3707 411 3762; x_wconf 84' lang='lat' dir='ltr'><strong>alios</strong></span> <span class='ocrx_word' id='word_1_260' title='bbox 429 3723 497 3761; x_wconf 87' lang='lat' dir='ltr'><strong>usus</strong></span> <span class='ocrx_word' id='word_1_261' title='bbox 515 3705 638 3761; x_wconf 86' lang='lat' dir='ltr'><strong>laudabo.</strong></span> 
     </span>
    </p>

    <p class='ocr_par' dir='ltr' id='par_1_6' title="bbox 209 3786 1166 3867">
     <span class='ocr_line' id='line_1_33' title="bbox 209 3786 1166 3867; baseline -0.005 -15"><span class='ocrx_word' id='word_1_262' title='bbox 209 3797 254 3866; x_wconf 90' lang='grc'><strong>21)</strong></span> <span class='ocrx_word' id='word_1_263' title='bbox 272 3795 316 3850; x_wconf 87' lang='lat' dir='ltr'><strong>Ibi</strong></span> <span class='ocrx_word' id='word_1_264' title='bbox 338 3797 381 3849; x_wconf 82' lang='lat' dir='ltr'><strong>est</strong></span> <span class='ocrx_word' id='word_1_265' title='bbox 404 3794 434 3847; x_wconf 74' lang='grc' dir='ltr'><strong>ἐν</strong></span> <span class='ocrx_word' id='word_1_266' title='bbox 451 3803 483 3862; x_wconf 75' lang='grc' dir='ltr'><strong>τῇ</strong></span> <span class='ocrx_word' id='word_1_267' title='bbox 501 3793 578 3863; x_wconf 78' lang='grc' dir='ltr'><strong><em>ἑτέρᾳ</em></strong></span> <span class='ocrx_word' id='word_1_268' title='bbox 596 3794 651 3848; x_wconf 81' lang='grc' dir='ltr'><strong>τῶν</strong></span> <span class='ocrx_word' id='word_1_269' title='bbox 665 3786 859 3867; x_wconf 77' lang='grc' dir='ltr'><strong>Ἀριστάρχου,</strong></span> <span class='ocrx_word' id='word_1_270' title='bbox 884 3789 951 3848; x_wconf 77' lang='lat' dir='ltr'><strong>olibi</strong></span> <span class='ocrx_word' id='word_1_271' title='bbox 967 3790 1065 3860; x_wconf 73' lang='grc' dir='ltr'><strong><em>διχῶς,</em></strong></span> <span class='ocrx_word' id='word_1_272' title='bbox 1082 3789 1166 3846; x_wconf 83' lang='lat' dir='ltr'><strong>semel</strong></span> 
     </span>
    </p>
   </div>
   <div class='ocr_carea' id='block_1_5' title="bbox 0 0 1494 4576">
    <p class='ocr_par' dir='ltr' id='par_1_7' title="bbox 0 0 1494 4576">
     <span class='ocr_line' id='line_1_34' title="bbox 0 0 1494 4576; baseline 0 0"><span class='ocrx_word' id='word_1_273' title='bbox 0 0 1494 4576; x_wconf 95' lang='lat' dir='ltr'><strong> </strong></span> 
     </span>
    </p>
   </div>
  </div>
 </body>
</html>
