2980 4576
329 309 380 363 194
773 313 935 366 Pmlogomena.
998 343 1002 352 .

327 490 401 550 dum
422 493 509 552 nobis
530 498 612 554 esset
626 494 730 555 Oritici
744 496 834 554 huius
848 497 1019 572 ingenium,
1040 497 1125 555 locus
1140 499 1223 555 esset
1236 493 1375 564 mirandi,
1487 473 1488 528 Ῠ

329 597 401 673 quid
416 599 444 657 ei
459 617 593 676 unquam
611 601 690 676 apud
708 601 809 660 doctos
825 601 962 661 homines
974 605 1089 660 tantam
1102 601 1234 660 nominis
1249 599 1376 674 gloriam

328 702 512 764 confecisset.
556 705 663 784 Neque
684 721 755 766 vero
783 724 832 766 res
863 702 902 766 ex
930 707 1055 766 totidem
1084 705 1171 766 bonis
1193 704 1376 765 coniecturis
1487 761 1488 776 ,

327 805 410 865 illius
432 807 561 884 intelligi
583 809 656 870 satis
677 814 789 887 potest,
820 811 932 888 qnippe
953 829 1047 889 quum
1069 829 1186 885 earum,
1215 827 1292 887 quae
1314 813 1376 867 tra-

327 910 454 987 duntur,
490 914 575 972 nulla
607 933 643 974 eo
673 916 805 975 emineat
834 915 984 1000 acumine,
1018 916 1097 993 quod
1126 917 1159 974 in
1189 915 1376 974 felicioribus

326 1018 421 1076 nostri
456 1021 599 1096 temporis
632 1019 751 1080 Oritieis
789 1016 1030 1103 admiramur36).
1092 1019 1189 1094 Quare
1226 1021 1377 1078 fateamur

327 1227 424 1290 τάιον,
444 1226 503 1280 sine
522 1227 631 1296 copula,
651 1244 732 1297 quam
750 1228 832 1282 etiam
844 1227 969 1282 nusum
987 1244 1041 1282 non
1057 1227 1186 1297 agnoscit.
1217 1225 1272 1280 Sed
1284 1240 1376 1280 errare

327 1314 395 1366 mihi
413 1330 467 1368 non
484 1315 592 1382 videor,
616 1315 641 1368 si
661 1315 725 1369 huic
754 1316 846 1384 generi
868 1316 919 1370 has
942 1331 1048 1385 quoque
1067 1313 1268 1368 emendationes
1287 1329 1376 1366 annu-
1487 1309 1488 1312 ’

326 1405 477 1466 1111119.
502 1401 560 1454 233.
588 1402 690 1456 iactant
714 1402 808 1456 Graeci
834 1404 906 1456 inter
926 1402 1037 1472 pocula,
1063 1417 1284 1471 unumquemque
1308 1417 1376 1454 suae

327 1489 415 1558 gentis
444 1488 532 1543 solum
560 1507 623 1544 cum
653 1490 704 1544 100
731 1490 775 1544 vel
800 1490 852 1544 200
877 1490 1000 1545 Troianis
1026 1504 1234 1558 congressurum
1260 1502 1317 1540 esse
1344 1485 1378 1538 ἀι
1486 1541 1488 1572 ,

322 1575 434 1642 proelio.
470 1577 541 1632 Nam
558 1577 632 1631 hunc
651 1593 761 1632 sensum
778 1578 880 1632 habent
898 1579 993 1647 verba,
1018 1573 1080 1632 ἀνθ’
1107 1577 1205 1630 ἑκατόν
1227 1593 1257 1629 τε
1279 1575 1378 1641 dinuo·
1486 1573 1488 1640 i

327 1667 396 1716 σίων
412 1682 452 1725 τε,
471 1665 489 1717 i.
508 1681 530 1720 e.
549 1666 618 1718 ἀντα
635 1666 743 1720 adverb.
762 1682 810 1735 pro
829 1681 882 1734 quo
907 1681 986 1734 saepe
1005 1665 1102 1719 ἀντίον
1123 1681 1145 1719 s.
1165 1665 1246 1718 ἀντία
1264 1663 1376 1717 dicitur

326 1750 379 1805 Sed
397 1752 464 1806 haec
484 1753 639 1807 Aristarcho
657 1753 742 1808 nimia
761 1753 904 1807 videbatur
921 1753 1063 1818 iactantia,
1081 1752 1127 1807 vel
1144 1753 1174 1806 in
1187 1751 1283 1820 ebriis,
1302 1750 1376 1805 solo·

327 1853 379 1908 que
397 1842 489 1893 tenore
508 1841 612 1896 abiecto
632 1841 761 1910 correxit,
783 1841 881 1896 leniter
894 1841 1017 1910 scilicet,
1036 1835 1110 1908 ἀνθ’,
1136 1841 1154 1894 i.
1173 1857 1196 1893 1.
1215 1839 1279 1893 ἀντί
1293 1855 1376 1907 prae-

326 1943 395 1996 poa,
418 1929 451 1980 nt
475 1928 624 1983 modestius
648 1929 828 1998 minarentur,
853 1929 937 1984 verbo
962 1931 1056 1996 tenus,
1085 1941 1301 1994 unumquemque
1327 1926 1383 1981 200

329 2013 513 2067 dictationum
540 2015 732 2082 fortittcliucm
756 2022 952 2086 acqwtwrwm,
981 2019 1099 2089 ἰσοβαρῆ
1126 2014 1243 2068 ἕκαστον
1265 2014 1382 2083 γενήσε-

328 2107 397 2154 σάιτι
415 2102 512 2156 ἑκατὸν
528 2106 544 2169 ἢ
564 2103 721 2157 διακοσίων.
752 2103 806 2158 Η11
823 2107 851 2158 11
868 2104 963 2158 multis
982 2104 1043 2158 aliis
1056 2103 1125 2158 locis
1138 2119 1173 2156 ex
1185 2100 1273 2156 Schol.
1286 2101 1382 2156 lucem

327 2190 426 2259 accipit
451 2190 575 2259 Apollon.
603 2190 669 2245 Lex.
694 2210 721 2247 v.
746 2192 817 2246 ἀντί.
865 2196 895 2246 0.
917 2192 978 2247 417.
1003 2177 1117 2260 pluralis
1143 2198 1211 2256 νῆας
1237 2189 1382 2257 displicuit

327 2277 495 2346 Aristarcho,
514 2278 579 2346 qnia
595 2279 674 2333 modo
687 2279 791 2333 dictum
804 2281 890 2348 esset,
912 2279 962 2331 Τὼ
980 2278 1017 2333 di
1028 2286 1110 2348 μιῆς
1128 2279 1205 2348 περὶ
1222 2276 1382 2344 νηάςέχον

327 2364 714 2435 πόνον;1(111111·11111νῆα.
746 2366 971 2421 Ω.636.11(11111
989 2366 1104 2420 verbum
1118 2365 1291 2438 ταρπώμεθα
1304 2363 1381 2417 male
1485 2389 1487 2447 3

326 2451 470 2506 convenire
488 2453 632 2508 videbatur
644 2453 767 2508 1111111111
779 2454 894 2522 Priami,
914 2453 1084 2522 correxitque
1100 2453 1287 2520 παυσώμεθα,
1304 2451 1382 2520 quod

327 2539 425 2592 deiude
443 2542 583 2609 receptum
604 2543 645 2596 est
662 2557 678 2595 a
695 2541 798 2596 multis.
835 2543 872 2595 At
896 2541 1004 2594 nullum
1028 2541 1088 2594 eius
1112 2555 1227 2594 acumen
1248 2537 1380 2607 frigidius
1485 2596 1486 2608 ,

327 2628 380 2696 cst,
408 2644 489 2696 quam
508 2627 591 2696 illud,
617 2628 759 2698 explosum
783 2630 816 2683 ab
834 2629 893 2699 ipso
911 2628 1067 2697 Eustathio,
1095 2626 1195 2682 1860.
1221 2627 1249 2679 11
1266 2628 1287 2686 ξ.
1307 2625 1380 2694 148,
1485 2641 1487 2698 ‘3

326 2713 374 2768 ubi
392 2713 508 2768 Martem
533 2717 561 2768 11
578 2715 737 2785 Neptunum
761 2731 816 2770 non
838 2717 870 2769 ut
895 2716 1069 2784 ἕννεαχίλους
1086 2717 1102 2780 ἢ
1122 2713 1283 2782 ἀεκαχίλους
1299 2712 1380 2765 voci·
1484 2787 1485 2792 ἵ

326 2800 407 2854 ferani
420 2801 540 2871 volebat,
559 2803 607 2856 sed
625 2805 656 2857 ut
674 2803 862 2872 ἔννεαχείλους
881 2807 896 2868 ἢ
916 2803 1098 2871 δεκαχείλους.
1136 2801 1186 2854 Cui
1206 2799 1380 2854 coniecturae

327 2887 467 2942 simillima
491 2890 533 2943 est
556 2890 610 2944 ista
633 2889 663 2943 in
688 2890 767 2944 Pind.
789 2889 871 2960 Pyth.
889 2889 944 2958 ΠῙ,
970 2889 1011 2944 16.
1031 2888 1112 2958 [41],
1139 2887 1188 2941 ubi
1215 2887 1314 2954 saltus,
1343 2886 1379 2940 ab

326 2975 451 3044 Apolline
469 2975 546 3044 lacti,
565 2977 745 3046 granditatem
762 2977 888 3044 horrens,
906 2977 1071 3046 11οβάμοιτι
1090 2977 1120 3029 ἐν
1138 2975 1239 3044 πρώτῳ
1258 2972 1380 3028 correxit

326 3066 430 3131 βάματι
454 3063 484 3116 ἐν
501 3065 626 3133 τριτάτῳ.
657 3063 799 3134 [Berghius
825 3064 936 3133 scripsit
958 3067 1041 3134 τρίτῳ
1064 3079 1152 3131 neque
1178 3061 1257 3116 aliter
1275 3060 1378 3130 legisse

327 3151 405 3218 putat
416 3149 604 3204 Aristarchum
623 3150 689 3206 ‘non
703 3153 769 3207 adeo
787 3151 894 3206 numeri
906 3151 1045 3221 ignarum,
1062 3151 1095 3204 ut
1107 3149 1195 3204 alieno
1208 3148 1268 3202 loco
1281 3148 1378 3216 dacty-

326 3237 384 3291 lum
402 3237 545 3307 inferret’.]
580 3239 769 3294 Praetermitto
787 3241 855 3296 alios
873 3255 970 3295 versus
988 3238 1102 3305 multos,
1119 3237 1148 3290 in
1167 3236 1266 3306 quibus
1284 3235 1377 3290 minn-

326 3325 409 3378 tiores
430 3325 598 3381 ratiunculas
622 3329 758 3397 sequitur,
783 3330 815 3383 ut
839 3345 924 3397 quum
947 3334 972 3395 β.
992 3327 1052 3380 415.
1079 3328 1107 3380 11
1133 3345 1151 3379 ι.
1172 3324 1232 3378 242.
1259 3324 1378 3392 praefert

328 3413 433 3478 πλῆσαι
452 3411 492 3480 [11
510 3413 688 3483 ἒμπλήσειν],
706 3434 732 3484 γ.
750 3415 811 3470 406,
831 3415 944 3468 ἀπόεικε
960 3414 1104 3481 κελεύθου,
1131 3412 1155 3464 c.
1175 3411 1236 3466 260.
1254 3419 1376 3481 κρητῆρι,

327 3498 387 3552 456.
412 3499 510 3565 πόνος,
536 3519 553 3554 ι.
572 3500 614 3554 19.
638 3501 711 3565 τότε,
733 3502 794 3557 401.
820 3503 897 3573 ἐμοί,
920 3520 950 3570 μ.
971 3501 1030 3555 161.
1057 3502 1241 3570 βαλλομένων,
1266 3509 1296 3566 ψ.
1315 3498 1376 3552 306.

328 3585 406 3654 [aba]
425 3586 551 3648 ἐδίδαξεν
569 3589 620 3642 111.

414 3687 460 3754 36)
484 3687 576 3757 Longa
600 3704 667 3757 opus
689 3688 727 3743 sit
748 3689 905 3744 inductione
924 3689 1122 3758 exemplorum,
1147 3689 1179 3740 ut
1203 3685 1274 3739 illud
1294 3685 1374 3754 plane

327 3774 437 3841 probem
455 3773 610 3829 lectoribus,
647 3776 730 3846 Ergo,
755 3786 786 3830 ut
803 3776 972 3846 praecidam,
996 3793 1047 3830 nec
1071 3776 1219 3846 anticipem
1236 3789 1279 3841 ea,
1304 3789 1373 3841 quae
