2984 4580
545 301 708 354 Prolegomenn
1101 303 1152 358 205

17 541 18 550 ,
110 482 207 559 viguit
227 483 261 542 111
284 502 333 544 ore
357 482 536 544 Graecorum
558 501 693 558 suorum,
725 483 779 544 sed
801 483 872 543 inde
893 501 911 542 a
931 483 1048 544 Solonis
1078 488 1153 544 tem-

17 567 19 638 i
109 587 231 662 poribus
253 606 350 666 usque
376 589 414 648 ad
442 589 516 649 haec
538 589 743 648 Alexandrina
765 592 912 648 mutamm
934 589 1031 665 varie,
1060 590 1153 649 inter·

17 703 19 760 3
109 693 255 769 polutum,
282 693 460 770 castigatum
482 697 513 754 et
534 694 734 754 emendatum.
761 693 816 752 ·Id
838 711 855 753 e
874 693 1008 754 disiectis
1030 695 1153 771 quibus-

17 789 19 894 :
109 797 178 856 dam
199 797 320 858 indiciis
341 798 402 858 iam
424 798 538 858 dudum
559 799 684 859 obscure
706 797 886 874 colligebant
908 798 1046 858 homines
1074 799 1153 859 docti

17 895 18 900 ¹
109 907 140 962 et
163 901 313 980 sollertes;
336 922 417 963 nunc
438 903 472 1000 in
494 922 589 962 unum
603 905 778 994 coniunctae
799 896 803 983 1
827 921 915 964 voces
931 905 1065 963 omnium
1078 906 1154 964 tem-
1164 911 1215 965 265

109 1026 217 1084 porum
236 1011 399 1084 testanbrr,
420 1011 451 1068 et
472 1008 605 1086 loquitur
625 1009 757 1069 historia,

612 1231 654 1297 L.

17 1459 19 1466 y
198 1382 239 1442 At
270 1382 412 1442 historiae
446 1383 532 1460 quasi
562 1383 731 1460 obloquitur
763 1383 828 1460 ipse
861 1387 958 1459 vates,
992 1387 1023 1442 et
1054 1388 1156 1442 contra

17 1511 18 1574 f
110 1491 239 1546 testatur
261 1505 367 1547 sensus
391 1487 530 1564 legentis.
574 1487 681 1564 Neque
703 1506 774 1546 vero
799 1488 841 1546 ita
863 1488 1026 1546 deformata
1047 1493 1077 1547 et
1098 1489 1155 1546 dif-

110 1594 180 1652 ficta
202 1597 274 1651 sunt
295 1592 446 1668 Carmina,
476 1596 510 1651 ut
539 1593 572 1651 in
601 1593 691 1652 rebus
721 1593 850 1669 singulis
878 1595 994 1670 priscae
1024 1597 1055 1652 et
1085 1612 1156 1653 snae

17 1759 18 1762 ,
110 1698 222 1757 formae
251 1699 343 1758 nimis
372 1698 532 1758 dissimilia
563 1716 630 1758 esse
658 1699 825 1758 videantur.
870 1698 965 1758 Immo
988 1704 1157 1776 congruunt

17 1839 18 1872 3
111 1804 144 1861 in
167 1803 207 1862 iis
226 1804 326 1862 omnia
347 1804 440 1863 ferme
462 1803 495 1862 in
517 1803 598 1863 idem
612 1803 782 1879 ingenium,
804 1805 836 1862 111
855 1804 976 1864 eosdem
990 1822 1101 1880 mores,
1124 1805 1157 1863 in

17 1907 18 1944 ³
109 1907 236 1968 eandem
256 1908 414 1969 formulam
436 1909 584 1968 sentiendi
607 1913 638 1968 et
659 1907 809 1986 loquendi.
846 1907 921 1968 Eam
943 1927 1007 1968 rem
1029 1909 1156 1987 quisque

17 2019 19 2042 ¹
110 2013 217 2072 intime
240 2013 346 2089 sentit,
375 2013 429 2092 qui
450 2017 587 2074 accurate
610 2018 641 2073 et
669 2031 739 2073 cum
769 2031 861 2073 sensu
882 2013 970 2090 legit:
999 2032 1034 2074 ac
1063 2032 1102 2073 ne
1124 2013 1157 2072 id

111 2119 225 2178 sentias
245 2122 377 2193 1111111111,
408 2119 462 2178 sed
490 2118 589 2178 causis
619 2119 683 2178 suis
714 2136 889 2195 cognoscas,
920 2137 1008 2196 saepe
1035 2119 1091 2178 tibi
1120 2119 1157 2177 ab

17 2215 19 2310 ζ
110 2223 160 2282 his
183 2221 372 2282 Carminibus
394 2223 432 2282 ad
454 2223 647 2299 Apollonium
669 2223 832 2298 Rhodium,
862 2223 899 2282 ad
929 2223 1003 2282 alios
1025 2223 1156 2282 Alexan-

111 2328 215 2387 drinos
236 2331 339 2404 poetas
361 2332 392 2388 11
413 2327 451 2386 ad
469 2345 552 2403 enm,
582 2328 634 2405 qui
655 2327 746 2404 vulgo
765 2327 888 2396 Homeri
907 2328 1004 2403 imago
1026 2330 1157 2404 putatur,

113 2431 259 2508 Quintum
281 2434 480 2509 Smyrnaeum
501 2433 764 2504 transcurrendum
787 2438 841 2492 est.
887 2431 966 2506 Quid
987 2435 1108 2492 autem?
1131 2433 1158 2492 si

112 2539 274 2598 mirificum
302 2539 391 2598 illum
421 2543 599 2598 concentum
620 2542 791 2598 revocatum
813 2537 846 2598 in
867 2538 973 2614 primis
994 2537 1159 2629 Aristarchi

17 2699 19 2734 ὲ
113 2644 245 2719 eleganti
275 2643 397 2720 ingenio
420 2648 451 2704 et
472 2642 623 2703 doctrinae
645 2643 797 2704 debemus.
843 2642 939 2717 Quid?
969 2643 996 2704 si
1021 2643 1070 2703 hic
1092 2644 1158 2721 ipse

114 2749 258 2808 Zenodoti
286 2753 318 2808 et
346 2747 529 2824 antiquiores
558 2747 804 2822 interpolationes
833 2747 1003 2826 multosque
1032 2751 1158 2809 absonos

113 2871 219 2913 versus
252 2853 387 2931 sustulit3
417 2852 493 2912 tales
522 2851 601 2926 dico,
616 2851 736 2941 'quales
765 2852 864 2929 paullo
891 2859 962 2914 ante
989 2849 1157 2934 notavi⁶⁰):

115 2977 189 3038 quos
223 2958 276 3037 qui
306 2959 381 3017 forte
413 2962 514 3017 erutos
546 2957 632 3016 nobis
661 2957 846 3034 postliminio
879 2959 1039 3020 restituere
1068 2959 1160 3019 vellet

115 3063 221 3146 nebus
244 3063 352 3139 editor,
373 3063 534 3138 rideretur,
562 3067 596 3121 ut
618 3062 736 3140 opinor,
766 3064 803 3122 ab
824 3065 863 3124 iis
885 3064 974 3140 ipsis,
1005 3066 1057 3143 qui
1079 3080 1221 3134 1111111266

116 3169 281 3230 Aristarchi
310 3187 435 3228 acumen
464 3168 570 3228 rident.
616 3166 713 3242 Quid?
744 3169 1159 3246 11111111111111111111111-

204 3408 249 3475 50)
272 3407 306 3461 ln
330 3405 466 3460 11111145.
492 3406 519 3459 11
539 3403 582 3458 46.
624 3403 738 3474 illisque
761 3406 884 3460 addenda
907 3407 1017 3461 videtur
1039 3407 1160 3468 maxima

117 3511 178 3564 pars
198 3511 329 3550 versuum
346 3511 451 3562 eorum,
472 3493 518 3562 qui
536 3492 566 3544 in
583 3491 690 3561 vulgari
708 3495 799 3547 nostro
817 3495 895 3548 textu
909 3495 997 3549 adhuc
1009 3496 1159 3566 haerentes

50 3590 55 3600 '
118 3583 186 3636 mihi
208 3583 330 3653 plerique
357 3581 492 3650 uncinati,
518 3580 598 3650 plane
624 3580 724 3634 absunt
744 3581 778 3635 ab
805 3581 906 3650 optimo
933 3582 1026 3636 codice
1049 3584 1159 3639 Veneto.

118 3669 236 3725 Numero
261 3669 385 3725 11111146.
421 3669 479 3724 Nec
504 3669 602 3722 horum
625 3668 713 3738 magis
738 3685 818 3738 quarn
843 3669 952 3724 illomm
978 3672 1011 3725 ab
1037 3671 1160 3726 Eustath.

120 3761 287 3814 servatorum
305 3758 437 3812 indicium
453 3759 485 3810 fit
502 3756 532 3809 in
551 3755 667 3809 Scholiis
686 3755 794 3810 nostris.
