2980 4576
569 383 733 436 noregomena.
1126 388 1176 442 167

127 563 295 639 sophorum
326 570 358 627 et
388 567 541 628 rhetorum
571 568 794 644 grammaticam
823 567 954 628 scholam
982 568 1111 644 aperuit,
1141 587 1181 628 ex

126 685 195 744 qua
224 674 255 728 et
284 670 335 730 alii
362 670 513 733 Homerici
543 671 730 750 prodierimt,
760 690 777 732 s
807 673 916 751 quibus
941 672 1089 750 hodieque
1118 677 1180 734 tres

125 771 199 831 noti
213 769 350 858 sunt⁸⁷),
374 781 405 836 et
425 776 477 837 ille
498 776 632 837 omnium
649 773 653 860 l
670 777 759 852 longe
781 775 966 837 clarissimus
981 777 1179 838 Aristarchus.
1189 785 1240 840 217

5 998 9 1013 ·
111 973 264 1042 'pinguius
282 972 402 1042 loquitur
416 972 601 1042 Architectus)
620 989 701 1043 quarn
719 975 754 1030 ad
773 974 911 1030 assiduam
928 974 1073 1030 lectionem
1086 975 1180 1032 classi-

126 1077 229 1115 corum
249 1059 411 1129 scriptorum
430 1059 598 1130 docendique
619 1077 728 1130 operam
746 1062 842 1118 trahet.
874 1061 928 1116 Hic
940 1062 1009 1115 mihi
1021 1063 1051 1115 in
1063 1066 1181 1117 mentem

128 1147 213 1201 venit
238 1147 292 1200 uiri
319 1147 392 1201 docti
417 1146 580 1201 ferventiore
606 1147 727 1218 ingenio,
752 1165 833 1217 quern
856 1165 942 1218 nuper
965 1150 1072 1219 audivi,
1098 1166 1181 1220 quum

128 1234 315 1304 praedicaret,
335 1232 566 1288 adolescentulum
585 1250 614 1288 se
633 1238 689 1290 tota
707 1235 798 1290 Biblia
815 1251 893 1290 sacra
910 1236 981 1289 inter
992 1237 1135 1305 prandium
1154 1239 1182 1291 et

129 1321 272 1392 potionem
290 1321 384 1376 caldae
402 1321 535 1376 Arabicae
554 1321 691 1391 perlegere
708 1321 819 1376 solitum
838 1338 905 1376 esse.

224 1408 270 1475 87)
295 1407 429 1478 Agalliam
454 1407 634 1477 Corcyraeum
657 1407 704 1476 [cf.
728 1409 760 1461 A.
781 1409 885 1465 Nauck.
910 1411 993 1466 Arist.
1012 1411 1078 1480 Byr.
1097 1411 1180 1482 Frag-

130 1500 229 1551 menta
245 1514 270 1565 p.
290 1497 314 1565 l,
333 1513 359 1550 n.
379 1494 432 1564 12.]
452 1495 507 1550 iam
525 1494 591 1550 alibi
609 1495 725 1564 produxi
745 1496 779 1564 [p.
794 1497 862 1566 194]
897 1497 965 1552 Eius
983 1499 1181 1570 condiscipulos

131 1584 263 1638 novimus
276 1585 356 1645 duos,
375 1582 536 1650 Diodorum,
556 1582 634 1636 cuius
653 1581 746 1652 inepta
757 1586 886 1640 correctio
900 1585 997 1656 Odyss.
1017 1585 1097 1640 «118.
1117 1582 1179 1638 καθ’

132 1671 234 1730 αὐτοὺς
255 1669 422 1739 improbatur
444 1669 477 1724 ab
502 1668 601 1722 Alben.
618 1668 665 1722 IV.
684 1687 708 1739 p.
729 1669 788 1724 180.
805 1671 835 1725 Ε.
855 1674 882 1725 et
900 1672 983 1726 huius
999 1671 1180 1741 compilatore,

129 1757 271 1819 Hustath„
297 1758 343 1827 qui
362 1757 390 1810 et
406 1773 432 1824 p.
453 1755 529 1810 1504.
566 1756 711 1826 Διόδωρον
729 1758 926 1828 Γραμματικὸν
943 1759 1047 1827 laudat,
1072 1759 1105 1814 ab
1125 1759 1180 1827 illo,

130 1847 167 1899 ut
190 1847 266 1913 puto,
291 1848 318 1899 et
336 1860 379 1913 eo,
405 1844 484 1898 cuius
508 1842 596 1898 Schol.
615 1842 694 1897 Pind.
716 1843 811 1898 Isthrn.
830 1844 870 1912 Π,
897 1846 939 1900 54,
967 1845 1102 1914 meminit,
1127 1861 1182 1900 non

130 1932 276 1985 diversum
300 1930 341 2000 [of
371 1931 476 1987 Nauck.
500 1948 526 1999 p.
546 1932 570 1983 7.
596 1930 783 2000 Annet.10.],
808 1932 888 2000 atque
914 1932 1109 2002 Callistratum,
1133 1935 1181 2004 qr‘ri

129 2035 180 2086 ap.
198 2017 296 2071 Athen.
315 2015 336 2071 I.
355 2037 380 2088 p.
400 2019 442 2072 21.
462 2018 489 2073 C.
504 2019 693 2073 Aristarchum
712 2019 810 2073 acriter
822 2019 949 2089 castigat,
968 2037 1021 2074 non
1036 2022 1069 2075 ob
1081 2021 1181 2076 malam

129 2105 364 2172 emendationem,
383 2107 431 2159 sed
450 2107 521 2175 quod
540 2106 565 2158 ei
580 2105 702 2172 pellium
719 2103 872 2158 dissedisset
889 2105 988 2173 inqror.
1024 2107 1100 2161 Idem
1120 2109 1179 2164 Cal·

128 2193 258 2247 listratus
286 2195 340 2262 est,
372 2193 450 2247 cuius
476 2193 664 2246 commentarii
691 2191 756 2246 olim
783 2192 937 2248 ferebantur
963 2194 997 2249 ad
1023 2192 1179 2260 Homerum,

129 2279 297 2347 Pindarum,
321 2279 490 2349 Euripidem,
515 2280 736 2348 Aristophanem,
764 2279 868 2334 laudati
893 2279 1053 2336 Scholiastis
1079 2281 1179 2336 nostris

129 2369 163 2422 et
181 2367 246 2421 alibi
265 2369 293 2420 et
311 2368 345 2422 ad
365 2366 398 2419 H.
416 2368 446 2420 in
469 2383 518 2421 sex
535 2367 697 2420 lectionibus
722 2367 758 2436 (y.
779 2366 820 2419 18.
840 2369 857 2428 ζ.
876 2368 936 2421 434.
955 2388 986 2435 μ.
1007 2367 1048 2422 25.
1069 2387 1099 2436 φ.
1120 2369 1179 2423 126.

131 2473 165 2506 ω.
186 2453 243 2507 134.
264 2453 323 2507 213.
343 2453 420 2521 [adde
439 2473 463 2507 α.
483 2453 543 2507 424.
561 2460 586 2520 β.
607 2454 665 2506 111.
688 2454 746 2507 131.
764 2454 824 2510 435.
846 2459 864 2515 ξ.
885 2455 970 2524 255.])
997 2472 1031 2509 ex
1054 2454 1180 2523 operibus

129 2541 223 2596 tribus
250 2540 291 2608 [cf.
311 2540 342 2592 R.
362 2537 492 2594 Schmidt.
513 2541 545 2594 de
563 2539 628 2595 Call.
647 2539 730 2594 Arist.
748 2544 810 2609 post
827 2542 944 2597 Nauckii
959 2543 1180 2611 Fragmentorum

129 2627 393 2696 Aristophaneorum
406 2626 593 2682 collectionem
604 2644 630 2695 p.
645 2627 670 2680 6.
684 2625 764 2696 sqq.],
784 2645 852 2697 quae
872 2631 964 2684 omnia
980 2629 1025 2684 vel
1044 2629 1079 2684 ad
1096 2630 1179 2683 inter-

130 2715 313 2785 pretationem
330 2714 376 2768 vel
394 2715 428 2769 ad
451 2715 666 2768 emendationem
684 2713 763 2768 Hom.
786 2717 982 2784 pertinuerrmt.
1019 2716 1181 2786 Quanquam

132 2801 172 2856 ad
189 2820 217 2870 y.
236 2799 277 2854 18.
297 2800 357 2854 eius
375 2800 495 2854 recensio
515 2802 626 2856 affertur
645 2802 674 2855 lo
692 2806 753 2861 ταῖς
767 2805 972 2872 χαριεστάταις.
1008 2804 1098 2859 Unam
1117 2820 1180 2858 con-

130 2889 267 2942 iecturam
286 2887 358 2955 eius,
386 2907 416 2957 μ.
438 2888 479 2941 25.
500 2885 530 2942 ἓν
548 2883 572 2940 0⁹
593 2882 678 2958 ἦμαρ,
701 2888 813 2942 deorum
831 2890 942 2944 numine
961 2907 1042 2960 quam
1063 2890 1181 2945 Homero

132 2973 301 3043 digniorem,
321 2974 373 3028 etsi
390 2974 572 3044 lenissimam,
595 2979 739 3045 antequam
756 2977 849 3030 auctor
868 2976 1039 3032 Callistratus
1057 2977 1181 3032 innotue-

132 3065 189 3124 rat,
213 3079 247 3116 ex
266 3061 392 3117 Moesicis
410 3062 560 3117 rationibus
579 3062 675 3117 reiecit
693 3062 804 3117 Barnea.
840 3063 931 3118 Aliam
950 3065 1032 3119 etiam
1050 3063 1181 3117 leniorem

133 3149 318 3204 coniecturam
337 3149 396 3202 eius
415 3165 441 3203 v.
461 3148 491 3201 in
508 3148 596 3203 Schol.
615 3150 680 3203 min.
700 3151 728 3203 et
747 3149 824 3204 Hust.
843 3151 878 3206 ad
896 3151 994 3220 Odyss.
1013 3170 1036 3219 ρ.
1055 3151 1114 3205 455.
1145 3152 1181 3204 At

131 3239 166 3292 ut
182 3236 262 3304 longe
280 3235 341 3290 istis
359 3235 452 3304 peiora
468 3234 577 3303 luserit,
599 3238 747 3304 potuerunt
769 3239 860 3292 tamen
883 3239 911 3292 et
931 3240 991 3292 eius
1016 3239 1044 3291 et
1060 3237 1181 3305 priorum

134 3325 250 3379 duorum
268 3323 322 3377 alia
338 3322 436 3377 merita
453 3339 512 3378 esse
530 3323 560 3376 in
571 3321 733 3392 Homerum,
752 3337 827 3393 quae·
838 3341 911 3379 nunc
930 3325 1039 3394 penitus
1055 3324 1180 3395 ignoran-

133 3415 187 3466 tur.
224 3409 350 3464 Ceterum
372 3410 444 3478 quod
462 3408 583 3461 sobolom
599 3408 788 3478 Aristophanis
806 3415 935 3480 tanquam
952 3403 1052 3468 novum
1070 3411 1180 3466 institu-

134 3501 193 3552 tum
213 3496 434 3564 commemoraui,
460 3513 514 3551 non
538 3499 604 3564 puto
623 3497 696 3551 idem
718 3500 751 3553 de
770 3498 903 3554 Zenodotc
926 3516 990 3554 vere
1014 3498 1068 3553 dici
1092 3514 1179 3567 posse.

135 3585 224 3640 Huius
251 3583 323 3637 enirn
348 3582 493 3651 disciplina
510 3600 644 3652 nusquam
664 3584 801 3654 laudatur,
827 3603 877 3640 nec
895 3586 1038 3657 quisquam
1057 3585 1180 3652 Ζηνοδό-

135 3690 206 3730 τειος
229 3669 335 3739 proprio
359 3671 480 3738 nomine,
508 3669 562 3724 nisi
589 3669 657 3723 forte
684 3671 738 3726 huc
766 3674 865 3727 referre
890 3673 958 3728 velis
984 3673 1127 3742 aliquoties
1151 3673 1181 3725 in

136 3757 253 3813 Scholiis
272 3757 358 3811 dictos
377 3757 440 3817 τοὺς
458 3760 521 3827 περὶ
540 3757 706 3824 Ζηνόδοτον,
726 3761 758 3813 ut
776 3781 801 3826 η.
820 3760 880 3816 452.
901 3780 924 3813 o.
943 3760 985 3815 86.
1008 3762 1095 3827 [Adde
1113 3780 1138 3815 or.
1156 3762 1179 3815 1.

134 3865 163 3914 μ.
185 3847 244 3901 153.
264 3847 285 3905 ξ.
304 3843 364 3899 485.
385 3863 415 3897 π.
435 3844 508 3913 234]
545 3843 598 3900 Sed
617 3845 685 3902 haec
709 3847 826 3902 formula
842 3847 970 3916 loquendi
988 3848 1078 3918 petius
1095 3849 1180 3905 adsti-
