2980 4576
326 329 378 382 144
762 327 925 382 Prolegonrens.

325 510 455 570 editione
475 508 640 585 Odysseae,
663 512 712 570 oui
737 516 772 571 ut
793 511 889 570 Iliada
910 511 1046 586 adderet,
1068 529 1087 570 a
1105 511 1289 585 plurimorum
1310 529 1367 568 cor-

324 599 443 690 mptalb
472 614 640 691 liberatam,
675 615 820 676 invitabis
848 615 959 676 dioitrn
987 616 1082 676 tuisse
1108 635 1127 674 a
1154 633 1225 692 rege
1256 613 1367 690 Syriae,

325 720 472 780 Antiocho
495 715 659 800 Sotere⁵⁶).
704 719 789 794 Quod
811 739 905 799 quum
929 721 1045 780 exitum
1067 739 1127 780 non
1145 721 1313 796 habuisset,
1342 720 1368 779 si

265 827 316 882 188
325 825 401 885 bene
423 825 612 899 coniicimus,
640 844 707 886 eam
729 819 732 906 1
755 843 876 902 operam
895 827 1064 903 suscepisse
1084 826 1204 886 videtur
1224 826 1368 900 Rhianus,

324 931 433 990 nobilis
455 935 486 992 et
506 931 572 1009 ipse
594 935 694 1009 poeta,
723 931 810 1014 cuius
834 931 1040 992 recensionem
1066 931 1153 991 nobis
1174 949 1269 1008 pauca
1290 931 1367 1006 fiag-
1478 927 1479 968 ³

324 1041 425 1096 menta
453 1037 724 1096 desiderabiliorem
753 1031 928 1113 faciunt⁶⁷),
958 1055 1047 1114 quem
1076 1035 1222 1114 quidquid
1250 1036 1283 1094 in
1312 1037 1367 1095 hoc

325 1159 435 1217 genere
455 1141 530 1201 lusit
550 1142 726 1219 Apollonius
747 1141 881 1201 Rhodius
893 1135 944 1222 18).

323 1383 414 1439 thium
442 1384 554 1454 eiusque
582 1383 686 1438 similes
709 1384 860 1452 nominare,
888 1383 936 1438 ubi
960 1385 1048 1438 tontes
1073 1384 1166 1452 patent
1189 1382 1218 1436 in
1242 1381 1365 1438 Scholiia

324 1473 403 1542 Ipsae
421 1471 622 1526 emendationes
633 1471 679 1526 vel
697 1471 945 1526 animadversiones
961 1471 1037 1526 illius
1050 1470 1145 1524 Critici
1163 1469 1277 1524 salivam
1288 1469 1367 1523 nobis

324 1577 377 1614 non
398 1560 514 1612 movent.
546 1557 638 1613 Prima
655 1558 734 1629 longe
752 1559 925 1628 ineptissima
942 1560 995 1628 est,
1013 1575 1064 1612 nec
1083 1559 1152 1612 duae
1170 1556 1270 1612 alterae
1288 1557 1368 1610 valde

325 1645 422 1716 dignae
442 1648 505 1700 sunt
522 1646 616 1701 relatu.

412 1747 457 1813 56)
476 1746 530 1800 1100
548 1763 565 1801 0
582 1747 689 1800 nemine
702 1746 845 1816 attingitur
857 1749 962 1815 praeter
975 1746 1088 1800 Suidam
1100 1745 1128 1799 Τ.
1140 1747 1163 1800 I.
1182 1763 1207 1816 p.
1221 1744 1280 1800 309.
1296 1744 1326 1813 [0.
1341 1762 1368 1798 v.

318 1828 437 1904 Ἄρατος)
456 1836 484 1887 01
502 1836 640 1889 auctorem
657 1836 711 1888 vet.
724 1834 806 1888 Vitae
825 1835 901 1889 Arati
919 1835 948 1888 in
964 1834 1071 1889 Petavii
1087 1833 1197 1888 Uranol.
1217 1850 1243 1902 p.
1257 1832 1317 1887 270.
1336 1831 1367 1883 A.

325 1920 367 1990 [in
378 1922 469 1991 Biogr.
489 1921 533 1974 Gr.
552 1923 593 1976 ed.
607 1922 752 1976 Westerm.
766 1938 791 1990 p.
803 1921 857 1991 54.)
887 1922 1033 1976 Posteriori
1044 1925 1136 1976 tamen
1153 1922 1266 1976 admove
1286 1919 1369 1975 aliam

324 2011 378 2063 vet.
397 2008 491 2062 Vitam
514 2008 544 2061 in
562 2009 680 2062 Ernestii
698 2008 863 2063 Callimacho
884 2009 1003 2078 primum
1020 2008 1159 2079 vulgatam
1176 2007 1204 2061 Τ.
1222 2006 1244 2061 I.
1263 2023 1289 2076 p.
1307 2007 1368 2060 591.

324 2096 486 2165 Ubicunque
505 2098 619 2150 Aratum
642 2097 755 2152 laudant
771 2095 871 2150 Scholl.
891 2098 918 2149 et
936 2096 1107 2164 Eustathius,
1128 2096 1252 2166 ablegant
1267 2111 1317 2148 nos
1335 2096 1370 2150 ad

323 2185 387 2237 nota
395 2183 532 2237 Podmata.
557 2183 611 2238 Sed
622 2183 740 2238 notabile
753 2186 803 2252 est,
818 2185 889 2252 quod
902 2183 958 2238 iam
970 2186 1029 2237 tum
1042 2184 1181 2238 dicebatur
1193 2182 1370 2236 Homericum

324 2269 437 2325 Carmen
455 2272 666 2339 λελυμάνθαι
686 2265 751 2323 ὑπὸ
770 2273 915 2335 πολλῶν,
936 2287 1020 2341 quum
1038 2272 1086 2327 vix
1105 2271 1178 2325 ullus
1198 2270 1368 2339 Oriticorum,

324 2361 436 2426 excepto
467 2358 614 2428 Zenodoto,
647 2359 681 2412 ad
711 2359 938 2428 corrumpendum
965 2359 998 2412 de
1028 2359 1163 2412 industria
1188 2357 1368 2426 prosiluisset

323 2444 413 2500 Etiam
431 2445 483 2499 hoc
496 2445 636 2500 confirmat
655 2463 699 2514 ea,
717 2463 785 2516 quae
804 2446 928 2515 superius
947 2446 1005 2500 dixi
1024 2447 1057 2498 de
1075 2445 1217 2514 rhapsodis
1230 2446 1257 2498 01
1272 2444 1370 2513 primis

325 2534 547 2601 descriptoribus,
574 2535 722 2602 sponteque
745 2534 774 2586 in
796 2534 954 2588 memoriam
973 2536 1082 2588 revocat
1099 2533 1232 2586 monitum
1249 2532 1370 2585 'limonis

322 2638 350 2672 n.
368 2620 432 2689 42,
444 2623 530 2688 recte,
549 2623 581 2674 ut
599 2620 701 2690 opinor,
720 2622 861 2691 acceptum
879 2639 896 2676 a
912 2621 1036 2675 Fabricio
1056 2620 1092 2689 [Τ.
1110 2620 1133 2688 I]
1151 2639 1177 2690 p.
1191 2619 1251 2674 368.

411 2722 456 2786 57)
482 2724 513 2774 A.
533 2721 575 2774 97.
595 2721 654 2775 553.
675 2741 704 2774 π.
724 2722 784 2776 559.
805 2736 830 2775 σ.
850 2722 891 2776 10.
911 2723 952 2775 11.
979 2723 1043 2789 (nou
1060 2721 1127 2776 lecti
1153 2723 1182 2776 ἐν
1199 2723 1233 2795 τῇ
1247 2717 1369 2788 Ῥιανοῦ)

324 2826 344 2859 1.
363 2808 408 2860 41.
429 2828 452 2860 υ.
472 2807 531 2862 rsa.
548 2808 607 2861 331.
627 2827 657 2878 φ.
677 2808 737 2862 eor.
757 2819 788 2877 ψ.
806 2807 849 2862 05.
869 2828 897 2861 ω.
916 2808 959 2862 81.
991 2808 1079 2876 [Adde
1098 2808 1187 2863 suot.
1207 2808 1241 2864 ad
1259 2828 1288 2862 ω.
1307 2808 1370 2877 584,

323 2895 371 2949 ubi
393 2895 481 2964 χόλον
507 2895 588 2949 lectio
616 2895 716 2950 Rhiani
741 2896 850 2950 videtin
876 2897 961 2950 fuisse
986 2912 1034 2965 pro
1061 2896 1169 2966 vulgari
1195 2895 1291 2950 adrev:
1320 2896 1369 2950 alii

323 2982 478 3036 maluerunt
495 2982 593 3038 κόπον.
623 2983 752 3052 Mayhoff.
772 2985 804 3037 de
824 2983 925 3038 Rhiani
943 2984 1014 3038 stud.
1035 2985 1114 3038 Hom.
1132 3001 1158 3052 p.
1172 2984 1206 3037 56
1219 2982 1271 3053 sq]
1307 2984 1369 3039 Duo

203 3110 210 3122 .
322 3070 369 3125 vel
386 3070 439 3124 tria
457 3087 492 3124 ex
509 3070 553 3124 his
572 3070 767 3140 speciminibus
789 3071 891 3126 habent
909 3065 980 3141 quod
1000 3071 1080 3126 valde
1099 3071 1253 3141 displiceat3
1279 3074 1369 3126 cetera

322 3159 475 3212 modestum
496 3158 551 3212 viri
574 3159 714 3228 ingenium
738 3159 862 3227 produnt.
902 3161 993 3228 Atque
1019 3159 1132 3214 fortasse
1153 3159 1221 3214 haec
1244 3159 1367 3213 recensio

323 3247 363 3313 (id
390 3262 488 3301 nomen
517 3246 542 3300 01
568 3247 691 3301 vindicat
713 3246 841 3317 loquendi
863 3248 959 3302 modus
984 3247 1043 3316 ille,
1072 3242 1230 3313 ῆῬιανοῦ,
1258 3248 1274 3313 ἡ
1299 3247 1367 3300 κατὰ

318 3329 437 3402 ιΡιανόν)
456 3334 510 3388 luit
527 3335 557 3388 in
575 3337 704 3404 apparatu
721 3334 883 3390 Aristarchi.

409 3434 453 3502 58)
477 3435 543 3489 llius
563 3436 619 3488 tres
637 3436 788 3490 afferuntur
805 3434 951 3504 lectiones,
973 3454 997 3488 α.
1016 3436 1041 3488 3.
1059 3435 1180 3504 κεφαλάς
1197 3451 1246 3504 pro
1266 3436 1364 3504 ψυχάς,

242 3559 245 3566 .
323 3521 440 3587 (scilicet
457 3539 492 3576 ex
509 3525 533 3576 t.
546 3524 589 3576 55.
608 3522 656 3577 ubi
674 3541 701 3577 v.
714 3522 828 3591 Scholl.)
846 3525 874 3577 et
892 3542 915 3577 ν.
928 3523 988 3576 657.
1007 3523 1155 3582 ἀναθέντες
1166 3539 1192 3591 p.
1206 3523 1349 3582 ἀνέσαντες
1354 3541 1364 3583 ,·

321 3608 453 3678 posterior
472 3611 500 3662 ἐκ
517 3611 568 3663 τοῦ
585 3609 825 3680 (συγγράμματος)
846 3610 917 3681 πρὸς
932 3609 1092 3676 Ζηνόδοτον
1109 3609 1128 3663 1.
1145 3625 1169 3663 0.
1188 3607 1226 3661 ad
1243 3626 1265 3666 s.
1277 3609 1365 3679 potius

321 3695 454 3748 1111001000
472 3696 498 3750 Ζ.
530 3697 619 3752 Tertia
637 3697 730 3765 lectio,
747 3713 802 3751 non
819 3697 905 3766 mala,
924 3704 949 3764 β.
962 3697 1023 3752 436.
1042 3698 1205 3767 ἐγγυαλίζει,
1224 3697 1364 3766 Apollonio

322 3783 473 3838 communis
497 3785 550 3838 luit
575 3801 636 3839 oum
656 3783 793 3854 Aristoph.
815 3787 843 3839 et
859 3784 1025 3841 Aristarcho.
1062 3784 1229 3840 Scholiastac
1255 3785 1364 3840 verbum
