2980 4576
569 360 733 414 Prolegomena.
890 343 891 348 ¹
1125 361 1175 416 139

128 547 190 602 tam
212 543 404 620 antiquarum
432 561 524 622 opum
545 543 686 604 habuisse
709 545 743 604 in
764 545 916 619 manibuS,
946 543 1024 604 infra
1054 544 1174 622 plenius
1185 549 1233 603 181

127 647 189 706 fiet.
237 645 335 720 Quare
355 647 525 708 mirandum
546 652 687 724 nonest,
714 667 815 710 cerere
836 667 891 710 nos
913 649 1047 727 pleniore
1069 648 1175 708 notitia

126 751 250 812 illarum
272 752 420 812 omnium:
442 754 554 831 quippe
576 753 613 813 ad
636 753 738 831 pluree
760 753 933 832 rhapsodias
952 754 1006 812 vix
1027 753 1174 813 1111111111-

125 857 298 917 madversio
320 863 419 918 exstat
440 875 480 917 ex
501 860 557 918 hoo
575 875 701 937 genere,
723 877 771 935 ac,
794 859 820 919 ei
841 859 946 920 decem
965 859 1173 936 quindecimve

125 961 260 1022 Scholiie
290 963 481 1040 pauperiores
510 981 660 1040 essemus,
694 982 734 1024 ne
765 963 813 1024 hie
843 964 965 1042 quidem
994 963 1173 1024 coniecturis

123 1067 213 1129 locus
236 1073 318 1128 esset
336 1068 468 1130 relictus.

520 1309 691 1374 ΙΧΙιΙ

215 1479 263 1540 Ita
289 1499 372 1541 nuno
402 1481 524 1542 demum
551 1500 590 1542 ex
611 1483 721 1543 iisdem
742 1483 864 1559 optimis
887 1481 1014 1543 Scholiie
1043 1482 1174 1542 innotuit

119 1586 213 1646 nobie
242 1587 376 1646 recensio
398 1587 576 1649 Antimaobi.
621 1588 742 1648 Etenim
771 1589 823 1665 qui
851 1588 910 1648 loci
939 1605 994 1648 aex
1022 1592 1109 1648 antea
1135 1587 1173 1646 de

119 1710 158 1753 eo
175 1691 373 1768 ‚legebantur
403 1692 483 1768 apud
515 1693 721 1769 Eustathium,
750 1693 775 1752 ii
807 1711 868 1752 non
900 1698 985 1754 eraut
1017 1693 1172 1768 eiusmodi,

120 1803 157 1857 ut
198 1796 271 1856 inde
307 1797 419 1858 eortius
457 1798 571 1876 aliquid
607 1799 684 1858 disci
719 1803 834 1874 posset,
871 1816 962 1875 quam
997 1797 1173 1858 Eustathiue

119 1903 192 1980 ipse
232 1919 266 1960 ee
303 1902 397 1962 eoieee
433 1903 541 1978 prodit.
608 1901 751 1976 Quocirca
786 1902 905 1963 facilem
932 1896 1057 1972 'veniam
1093 1902 1173 1978 apud

119 2006 262 2068 eruditos
294 2007 398 2066 habuit
431 2025 512 2067 error
542 2006 614 2068 olim
642 2025 743 2083 meua,
774 2007 864 2067 fldem
897 2008 1036 2084 negantis
1067 2005 1173 2066 linetae

2 2105 6 2117 ·
119 2112 188 2172 uno
226 2115 259 2171 et
294 2110 417 2188 surae,
453 2113 505 2190 qur
542 2113 754 2172 nmium
777 2095 968 2190 ‘simpliciter
1003 2113 1037 2171 in
1069 2111 1172 2172 eram-

118 2217 246 2277 matioia
282 2221 453 2292 numerent,
489 2217 641 2295 aliumque
677 2218 812 2294 putantis
849 2221 968 2295 poetam
997 2216 1171 2291 Thebaidoe,

2 2402 3 2413 ἵ
40 2354 43 2358 ·
118 2323 221 2383 alium
243 2321 381 2382 criticum
400 2322 595 2384 Homericum
604 2317 657 2400 4⁴).
695 2321 784 2383 Nunc
802 2341 873 2383 vero
896 2339 1065 2400 quanquam
1086 2321 1171 2380 Anti-
1182 2329 1232 2384 182

2 2454 5 2465 ·
118 2427 252 2488 machus
288 2428 322 2486 in
354 2427 450 2496 novis,
474 2427 602 2488 Soholiie
635 2428 730 2488 semel
759 2428 845 2488 modo
879 2428 1016 2488 laudatur
1051 2426 1172 2486 nomine

3 2549 4 2562 ¹
119 2531 315 2610 Colophonii,
350 2535 439 2609 atque
468 2533 510 2592 ibi
541 2537 575 2592 ut
605 2551 685 2592 unus
713 2529 777 2592 τῶν
805 2521 881 2610 μεθ’
907 2522 1055 2620 Ὅμηρον,
1086 2526 1119 2612 (i.
1145 2549 1170 2591 e.

117 2640 283 2716 poetarum
317 2637 389 2696 inde
421 2637 458 2696 ab
489 2637 679 2715 Archilocho,
714 2656 753 2698 ex
783 2655 910 2716 quorum
938 2655 997 2697 ueu
1026 2636 1171 2697 sermonis

117 2741 280 2802 Homerici
316 2743 488 2820 apparebat,
526 2743 672 2821 quomodo
710 2743 770 2821 ipei
809 2744 890 2803 hunc
924 2735 1171 2822 intellexissent)

115 2849 272 2928 pluraque
302 2864 342 2907 ex
364 2847 554 2908 Carminibus
582 2849 665 2909 illiue
694 2867 784 2926 quem
805 2866 844 2908 ex
866 2847 1041 2908 recensione
1061 2847 1171 2908 Home·

118 3007 333 3018 —-—-—--—

115 3108 194 3163 vict.
224 3126 253 3159 ω.
281 3106 318 3177 7.]
362 3109 526 3168 Holenam
558 3107 607 3162 vix
640 3107 818 3163 conveniebat
845 3124 943 3163 nomen
970 3108 1096 3179 δημῶδες
1123 3125 1171 3164 eeu

117 3193 288 3266 δημοτικόν.

211 3297 258 3365 44)
277 3297 311 3352 In
328 3297 413 3367 Epist
433 3299 467 3354 ad
484 3298 733 3369 Schellenbergium
749 3316 841 3354 meum
860 3299 968 3355 Collect.
992 3299 1171 3368 1111111111-

1 3441 2 3454 ,
116 3387 215 3444 machi
236 3384 331 3452 [Halae
350 3384 448 3441 Saron.
467 3385 556 3456 1786]
579 3402 605 3455 p.
626 3386 684 3440 119.
710 3402 768 3456 eqq.
787 3386 866 3442 ,Illic
885 3403 901 3442 a
918 3403 961 3441 me
980 3386 1082 3456 scripta
1098 3388 1171 3441 refu-

1 3467 2 3516 3
117 3475 194 3530 tavit
212 3471 310 3526 deinde
329 3471 436 3526 Villois.
455 3472 577 3542 Prolegg.
596 3490 622 3542 p.
640 3472 756 3542 XXIV,
776 3489 824 3544 ego
843 3475 934 3528 autem
952 3490 1010 3528 rem
1027 3473 1171 3529 retractavi
1200 3488 1202 3492 ’

1 3585 2 3613 t
117 3562 150 3616 in
179 3559 247 3614 edit.
273 3558 350 3614 illiue
377 3559 509 3629 Censura,
539 3576 607 3629 quae
633 3560 737 3616 ineerta
764 3563 806 3616 eet
832 3560 1023 3630 Ephemeridd.
1051 3560 1171 3616 univers.

118 3649 205 3702 litter.
225 3645 308 3702 lenae
325 3647 521 3715 prodeuntibus
539 3648 572 3700 A.
587 3645 663 3700 1791.
695 3647 730 3702 N.
748 3649 791 3702 31.
811 3639 845 3718 [p.
859 3647 919 3702 246.
939 3647 988 3717 aql
1017 3647 1083 3702 Inde
1100 3664 1172 3704 nunc

118 3733 272 3803 repetenda
294 3734 371 3800 eunt,
396 3747 465 3801 quae
488 3749 580 3788 rerum
601 3733 665 3790 ordo
683 3733 783 3805 poscit,
807 3733 862 3791 alia
886 3733 1044 3804 corrigenda
1062 3735 1089 3790 et
1107 3733 1170 3790 dib-

1 3791 2 3860 i
118 3819 232 3892 gentius
249 3820 444 3890 persequenda.
