2980 4576
332 313 383 365 112
776 316 939 368 Prolegomene.

329 499 423 553 artem
449 496 685 572 compositionis,
715 516 776 556 non
802 499 904 558 critico
928 500 1026 559 studio
1049 506 1231 576 revocatam,
1258 500 1376 559 inillis

330 600 468 658 omnibns
497 602 629 677 reperiet
658 619 776 661 mecum
805 605 1027 681 unusquisque,
1062 605 1114 682 qui
1148 605 1233 664 modo
1263 610 1377 664 attente

330 705 450 779 legerit,
473 723 571 782 neque
595 706 757 782 cupiditate
779 713 810 766 et
832 713 944 767 temere
960 709 1055 785 captis
1071 709 1262 786 opinionibus
1276 727 1377 768 occae-

330 815 414 868 catus
437 809 565 869 libenter
587 816 686 870 careat
706 812 774 870 lnce
796 813 940 872 veritatis

417 916 510 991 Atqui
543 915 634 974 huius
666 917 761 975 famae
795 919 1004 994 constantiam,
1037 920 1123 978 cuius
1157 919 1207 978 vel
1243 919 1302 976 ista
1335 921 1379 976 tot

330 1018 441 1077 indicia
464 1020 536 1078 satis
558 1020 666 1079 mirere
689 1039 729 1079 ex
751 1021 789 1080 iis
812 1023 1011 1098 temporibus,
1041 1024 1149 1099 quibus
1169 1022 1280 1080 dudum
1301 1039 1380 1080 nova

331 1123 424 1181 forma
447 1124 553 1182 horum
570 1124 743 1183 Carminum
764 1125 945 1202 invaluerat3
968 1126 1059 1202 idque
1075 1131 1140 1184 tum
1154 1126 1233 1202 apud
1250 1125 1379 1185 Graecos

331 1229 429 1303 potuit
449 1229 515 1286 fieri
537 1229 616 1286 intra
638 1229 712 1288 duas
734 1235 833 1288 tresve
857 1235 983 1307 aetates;
1014 1231 1080 1289 eius
1099 1249 1169 1306 ergo
1191 1230 1286 1288 famae
1310 1246 1379 1288 con-

333 1333 472 1391 stantiam
494 1351 533 1392 ne
555 1340 740 1411 postremmn
770 1335 892 1412 quidem
921 1353 1027 1394 aevum
1059 1335 1180 1411 penitus
1203 1334 1379 1393 obscuravit.

331 1437 479 1497 Notabilis
501 1456 540 1497 ex
561 1440 618 1497 hoc
637 1457 748 1515 genere
763 1440 891 1498 narratio
914 1445 961 1498 est
980 1441 1013 1497 in
1028 1439 1154 1500 Scholiis
1169 1439 1380 1515 Lipsiensibus

272 1527 322 1590 1ἷ17
333 1547 364 1601 01
390 1537 844 1624 1110111108),Λο111111011.
868 1563 893 1603 e.
925 1539 1122 1621 rhapsoldiam
1144 1543 1173 1601 X
1202 1544 1313 1603 Iliados
1343 1545 1380 1602 ab

332 1647 461 1705 Homero
490 1657 555 1724 pro'
574 1648 718 1724 singulari
749 1650 891 1725 opusculo
922 1650 1030 1708 factam
1060 1666 1141 1722 esse,
1175 1667 1192 1706 a
1220 1648 1379 1708 Pisistrato

333 1758 433 1812 autem
462 1758 613 1830 receptam
644 1755 676 1811 in
706 1754 913 1813 collectionem
944 1755 1075 1831 corporis
1105 1756 1160 1814 sui.
1204 1753 1243 1812 ln
1272 1754 1379 1830 primis

332 1876 403 1916 vero
423 1858 482 1916 huc
506 1859 659 1932 pertinent
679 1859 807 1918 absurda
828 1864 996 1918 commenta
1019 1859 1297 1932 (lrammaticorum,
1327 1858 1380 1934 qui

334 1981 436 2021 curam
468 1963 619 2023 Pisistrati
661 1963 810 2039 explicare
853 1965 963 2039 conati,
1002 1983 1095 2041 quum
1131 1964 1246 2040 priscos
1283 1981 1383 2022 mores
1488 1983 1489 2002 1

334 2068 498 2142 nescirent,
521 2068 558 2127 ad
581 2074 735 2144 corruptos
756 2087 891 2128 rumores
912 2073 944 2128 et
958 2069 1112 2146 proprium
1134 2069 1291 2145 ingenium
1313 2087 1383 2127 con-

334 2173 485 2248 fugemnt.
530 2174 633 2231 Animi
661 2191 750 2232 causa
778 2175 811 2232 in
839 2175 896 2232 hac
927 2174 987 2232 ima
1016 2174 1127 2249 pagina
1155 2174 1256 2249 ipsum
1282 2173 1384 2233 locum
1488 2217 1489 2233 .

334 2279 409 2337 dabo
431 2277 584 2336 Diomedis
606 2278 774 2351 cuiusdam,
794 2283 828 2336 ut
845 2296 914 2337 eum
939 2278 1070 2354 primum
1084 2277 1213 2337 Allatius
1233 2282 1263 2336 01
1285 2295 1385 2353 nuper
1488 2315 1489 2362 3

335 2382 532 2442 Villoisonius
552 2401 569 2442 e
592 2382 675 2442 MSS.
693 2382 787 2442 edidit
801 2379 831 2460 ⁹).
877 2383 922 2442 lbi
942 2383 1112 2442 fabulantur
1133 2383 1253 2441 infimae
1276 2383 1385 2441 aetatis
1488 2395 1489 2462 ,

423 2547 451 2614 8)
469 2548 545 2601 Eust.
559 2564 583 2615 p.
598 2545 657 2600 785.
674 2547 716 2599 41.
749 2549 843 2599 φασὶν
862 2549 890 2598 οἴ
906 2548 1034 2615 τταλαιοὶ,
1054 2547 1104 2612 τὴν
1121 2545 1270 2619 ῥαψῳδίαν
1282 2546 1385 2611 ταύτην
1487 2583 1489 2620 3

337 2629 383 2702 ὑφ’
401 2630 529 2703 Ὁμήρου
548 2633 608 2700 ἰδίᾳ
626 2635 772 2702 τετάχθαι,
792 2633 895 2701 καὶμὴ
913 2635 1125 2702 δγκαταλεγῆναι
1143 2637 1202 2692 τοῖς
1220 2637 1317 2702 μέρεσι
1336 2632 1386 2697 τῆς
1487 2669 1489 2674 .

334 2715 458 2783 Ἰλιάδος,
484 2721 538 2772 ὑπὸ
557 2721 588 2772 δὲ
607 2721 812 2789 Πεισιστράτου
829 2722 964 2788 τετάχθαι
985 2724 1024 2781 εἰς
1041 2721 1091 2786 τὴν
1110 2724 1232 2787 ποίησιν.

425 2807 451 2874 9)
471 2807 521 2861 Ille
538 2807 556 2860 l.
575 2825 598 2861 c.
617 2825 677 2877 pag.
692 2807 734 2861 93.
752 2807 806 2861 hic.
824 2809 924 2862 Anood.
939 2809 983 2862 Gr.
997 2809 1024 2861 Τ.
1039 2807 1075 2861 Π.
1089 2826 1114 2877 p.
1131 2807 1189 2861 182.
1202 2823 1260 2876 sqq.
1280 2805 1383 2874 [Schol.
1445 2833 1448 2836 ·
1488 2809 1489 2828 .

337 2895 366 2947 in
392 2894 470 2950 Dion.
489 2894 599 2948 Thracis
617 2895 735 2948 Gramm.
752 2894 769 2948 l.
784 2893 828 2964 e.].
860 2889 921 2948 Ὅτι
947 2894 977 2948 ἔν
1004 2913 1059 2947 τινι
1084 2895 1178 2964 χρόνῳ
1202 2894 1237 2945 τὰ
1261 2888 1385 2962 Ὁμήρου
1488 2913 1489 2932 i

338 2983 482 3051 ποιήματα
510 2984 741 3052 παρεφθάρησαν,
767 2982 857 3047 pono
882 2983 983 3050 πυρὸς,
1013 2987 1028 3048 ἢ
1052 2982 1107 3033 ὑπὸ
1131 2983 1259 3051 σεισμοῦ,
1288 2985 1304 3047 ἢ
1329 2980 1385 3032 ὑπὸ

339 3069 447 3122 ὑδάτων
469 3069 617 3138 ὑποφοροῖς
635 3067 811 3139 [ἰπιφορᾶς],
837 3071 883 3120 καὶ
903 3069 1074 3135 ἀλληνάλλως
1092 3067 1193 3136 [ἄλλων
1212 3066 1310 3136 άλλως]
1330 3075 1386 3120 τῶν

276 3148 280 3158 ’
337 3158 450 3224 βιβλίων
473 3156 732 3210 διασκεδασθέντων
753 3158 799 3208 καὶ
828 3159 999 3225 φθαρέντων,
1029 3155 1142 3224 ὕστερον
1167 3155 1265 3224 εὑρέθη
1293 3158 1308 3206 ὁ
1332 3155 1386 3224 μὲν

338 3243 409 3312 ἔχων
435 3243 532 3295 ἑκατὸν
558 3248 671 3312 στίχους
697 3244 782 3312 τυχὸν
810 3242 898 3311 [deest
924 3243 953 3295 in
980 3241 1082 3312 Schol]
1108 3237 1285 3312 Ὁμηρικούς,
1315 3243 1331 3293 ὁ
1355 3243 1386 3294 δὲ

334 3333 455 3399 χιλίους,
476 3332 556 3390 άλλος
574 3331 747 3392 διακοσίους,
773 3333 853 3389 άλλος
872 3329 954 3390 ὅσους
973 3331 1008 3383 άν
1025 3330 1114 3398 ἔτυχε,
1138 3332 1184 3380 καὶ
1201 3329 1296 3397 ἔμελλε
1314 3331 1386 3400 λήθῃ

339 3418 552 3486 παραδίδοσθαι
575 3419 592 3482 ἡ
615 3419 728 3484 τοιαύτη
752 3421 881 3483 ποίησις
906 3417 976 3469 ἀλλὰ
1001 3421 1215 3484 Πεισίστρατος,
1232 3412 1387 3483 Ἀθηναίων

340 3506 502 3574 στρατηγὸς,
526 3507 618 3558 θέλων
635 3505 723 3573 ἑαυτῷ
742 3505 827 3565 δόξαν
845 3505 1099 3573 περιποιήσασθαι,
1120 3506 1166 3556 καὶ
1185 3504 1219 3555 τὰ
1237 3506 1288 3556 τοῦ
1303 3499 1387 3574 Ὁμή-

340 3611 390 3661 ρου
408 3593 575 3655 ἀνανεώσαι,
606 3593 735 3646 τοιοῦτόν
760 3612 788 3644 τι
816 3593 1004 3660 ἐβουλεύσατο.
1033 3587 1180 3661 Ἐκήρυξεν
1202 3593 1232 3645 ἐν
1257 3593 1337 3664 πάσῃ
1355 3595 1389 3665 τῇ

337 3673 461 3744 Ἑλλάδι,
479 3680 528 3732 τὸν
545 3679 644 3748 ἔχοντα
660 3675 823 3749 Ὁμηρικοὺς
837 3685 948 3748 στίχους
962 3680 1079 3748 ἀγαγεῖν
1091 3679 1161 3748 πρὸς
1174 3680 1258 3732 αὑτόν
1270 3679 1388 3748 [αὐτόν],

340 3766 388 3816 ἐπὶ
405 3769 503 3834 μισθῷ
523 3770 667 3838 ὡρισμένῳ
684 3763 745 3819 καθ’
767 3767 885 3821 ἕκαστον
904 3770 1014 3834 στίχον·
1038 3769 1141 3826 πάντες
1160 3759 1211 3820 οὖν
1236 3769 1265 3819 οἱ
1282 3766 1391 3835 ἔχοντες
