3048 4588
335 383 369 437 70
780 381 943 433 Prolegomena

334 566 423 640 artis,
443 565 522 642 quod
545 568 649 643 politae
672 564 831 624 cultiorum
854 569 984 624 aetatum
1006 566 1160 639 affectant,
1182 583 1277 641 quum
1291 581 1379 640 supe·

335 671 447 729 riorum
469 668 603 728 fabulosa
630 673 716 746 gesta
748 688 854 729 scenae
882 669 1042 729 reddentes
1064 673 1171 728 cavent
1193 668 1310 743 sedulo,
1341 686 1380 728 ne

335 775 464 853 priscam
488 774 690 834 sinceritatem
718 776 804 834 novis
833 775 966 834 moribus
996 774 1144 849 inducent,
1173 793 1232 852 quo
1261 773 1379 832 facilius

335 879 495 940 lectoribus
528 879 577 939 vel
611 880 840 957 spectatoribus,
874 884 996 958 propter
1028 879 1214 956 antiquitatis
1242 878 1380 955 peritiam

336 984 513 1060 incredulis,
536 984 703 1061 imponant,
727 1003 838 1062 eosque
851 986 942 1044 rebus
957 1003 991 1044 ac
1006 984 1154 1062 personis,
1178 984 1286 1062 quibus
1298 1002 1380 1042 omn-

335 1091 465 1150 maxime
498 1090 618 1166 volnnt,
651 1090 798 1150 interesse
826 1095 857 1150 et
886 1094 948 1150 tota
976 1095 1078 1150 mente
1103 1089 1189 1168 quasi
1219 1108 1288 1148 cum
1317 1089 1381 1148 illis

333 1196 434 1255 virere
456 1189 626 1275 cogant⁵⁶).
672 1194 736 1270 Qua
766 1214 804 1254 ex
833 1214 865 1256 re
897 1197 987 1254 etiam
1015 1195 1086 1254 talia
1114 1195 1258 1272 quaedam
1280 1213 1381 1253 mana·

334 1304 405 1359 runt
427 1301 563 1358 solennia
584 1301 665 1378 apud
687 1305 805 1377 poetas,
835 1318 910 1377 quae
938 1304 1001 1358 orta
1023 1300 1154 1378 primum
1176 1317 1193 1358 e
1215 1304 1296 1359 certa
1313 1317 1381 1372 per·

335 1406 458 1463 innubae
479 1410 596 1480 vatum,
627 1424 707 1465 nunc
740 1409 853 1465 sacrata
881 1407 1069 1463 consuetudine
1099 1424 1131 1464 se
1158 1409 1289 1464 tuentur.
1334 1404 1382 1463 Ita

292 1509 327 1563 93
335 1506 492 1592 holdieque
516 1511 685 1587 longiorum
708 1511 881 1570 Carminum
914 1510 1082 1570 conditores
1113 1510 1255 1585 eundern,
1290 1527 1381 1586 quem

335 1617 428 1695 prisci
449 1616 495 1675 illi
517 1617 691 1691 credebant,
717 1615 851 1675 afflatum
872 1615 1026 1675 Musarum
1057 1620 1088 1675 et
1109 1615 1257 1692 Apollinis
1280 1632 1381 1674 emen-

335 1828 420 1898 qu’uu
437 1827 509 1882 tissu
527 1828 559 1882 de
581 1827 680 1882 betises
700 1829 728 1881 et
746 1827 891 1896 d’inepties
910 1827 1010 1897 qu'une
1031 1827 1110 1881 lettre
1129 1844 1165 1882 ou
1178 1827 1250 1881 deux
1269 1831 1382 1882 eussent

335 1915 425 1970 reduit
443 1933 477 1970 en
494 1914 598 1984 fumeo,
617 1932 653 1970 au
662 1915 720 1970 lieu
733 1916 815 1985 qu’on
834 1917 901 1970 rend
915 1933 946 1970 ce
958 1921 1052 1985 podme
1070 1915 1240 1970 raisonnable
1253 1917 1280 1970 et
1293 1917 1381 1970 meme

335 2019 411 2059 assez
432 2004 496 2058 bien
515 2004 639 2072 conduit,
658 2021 692 2057 eu
711 2006 859 2072 supposant
873 2021 925 2073 que
942 2019 985 2058 ses
996 2001 1077 2058 heros
1091 2003 1164 2058 aient
1181 2003 1273 2073 ignore
1291 2001 1381 2058 l'ecri·

335 2093 403 2145 ture.
440 2090 470 2145 si
486 2091 593 2146 l'lliade
612 2091 658 2145 erit
675 2089 718 2144 ete
736 2089 833 2160 ecrite,
853 2091 904 2145 elle
923 2091 969 2145 erit
986 2089 1028 2145 ete
1040 2092 1180 2160 beaucoup
1192 2091 1280 2146 moins
1298 2092 1380 2146 chan-

335 2177 392 2247 tee,
420 2179 461 2233 les
488 2179 647 2248 Rhapsodes
674 2181 785 2234 eussent
812 2177 854 2232 ete
878 2181 966 2233 moins
990 2179 1150 2234 recherches
1170 2181 1244 2233 etse
1263 2179 1382 2233 seroient

336 2266 424 2321 moins
441 2265 598 2335 multiplice.
635 2269 734 2320 Aucun
761 2267 837 2320 autre
855 2265 938 2320 Poste
956 2266 1002 2321 n'a
1018 2263 1059 2320 ete
1076 2266 1146 2321 ainsi
1167 2267 1277 2336 charite,
1307 2267 1331 2322 si
1351 2285 1381 2322 ce

335 2354 407 2407 n’est
430 2354 456 2408 le
480 2354 560 2408 Tasse
580 2355 596 2407 a
613 2353 728 2422 Venias,
754 2370 851 2408 encore
876 2353 1002 2408 ubst-ce
1023 2370 1075 2424 que
1099 2371 1147 2424 par
1164 2354 1205 2408 les
1224 2354 1381 2410 (londoliers

337 2441 384 2511 qui
401 2458 435 2495 ue
454 2444 515 2496 sont
532 2457 580 2511 pas
599 2441 698 2511 grands
716 2441 844 2496 lecteurs.
862 2470 898 2480 -
924 2441 977 2496 Les
995 2441 1109 2496 Poemes
1134 2441 1278 2496 d’Homero
1296 2445 1380 2496 reste-

336 2531 397 2584 rent
414 2528 592 2598 long-temps
606 2526 688 2583 ecrite
703 2528 854 2584 seulement
867 2530 934 2584 dans
947 2529 974 2584 la
985 2527 1113 2584 memoire
1132 2531 1179 2584 des
1191 2529 1327 2597 hommes3
1346 2530 1381 2584 ils

336 2618 426 2669 fiuent
442 2613 605 2670 rassombles
623 2633 672 2685 par
690 2616 759 2670 ecrit
777 2632 852 2671 assez
875 2617 936 2671 tard
954 2619 981 2672 et
999 2633 1066 2672 avec
1084 2617 1223 2685 beaucoup
1243 2617 1275 2670 de
1292 2616 1381 2686 peine.

338 2703 374 2757 (le
394 2704 438 2756 fut
455 2703 546 2773 quand
563 2703 591 2759 la
608 2705 692 2758 Grece
712 2719 869 2774 commenqa
888 2705 1033 2760 d’abonder
1052 2721 1085 2758 en
1103 2704 1187 2759 liures
1199 2706 1227 2758 et
1243 2721 1278 2758 en
1290 2703 1381 2772 poesie

337 2790 433 2858 ecrite,
461 2807 513 2861 que
540 2793 599 2845 tout
623 2791 650 2844 le
676 2793 788 2847 charme
812 2793 845 2846 de
872 2792 939 2846 celle
967 2793 1110 2847 d'Homere
1135 2809 1164 2847 se
1180 2792 1212 2846 fit
1229 2792 1314 2846 senlir
1333 2809 1381 2861 par

338 2877 529 2947 comparaison.
565 2878 618 2932 Les
645 2882 735 2935 autres
762 2880 859 2934 Poetae
886 2879 1048 2948 ecriroient,
1078 2880 1194 2934 Homere
1210 2881 1283 2935 seul
1309 2880 1382 2935 avoit

337 2963 448 3034 charte,
467 2969 494 3020 et
511 2983 557 3022 ces
574 2968 669 3022 chants
689 2968 779 3022 dirius
798 2968 875 3023 n’ont
892 2966 968 3022 cesse
981 2968 1064 3022 d'etre
1082 2969 1191 3022 ecoutes
1208 2984 1274 3022 arec
1292 2967 1381 3022 raris-

337 3055 443 3109 sement
470 3070 521 3123 que
549 3056 640 3125 quand
664 3055 790 3125 l’Europe
818 3056 884 3111 s'est
909 3057 1037 3110 couverto
1062 3056 1094 3109 de
1120 3055 1257 3126 barbares,
1286 3055 1333 3125 qui
1353 3073 1381 3111 se

337 3143 398 3197 sont
416 3140 501 3196 miles
519 3143 553 3196 de
567 3143 647 3212 juger
664 3159 695 3197 ce
714 3143 795 3212 qu’ils
812 3160 847 3197 ne
863 3143 1009 3212 pouvoient
1026 3145 1134 3198 sentir.“

426 3230 470 3297 55)
489 3229 561 3284 Hinc
579 3229 713 3284 vocabula
730 3247 764 3284 ex
781 3231 834 3285 hoc
852 3230 929 3285 civili
946 3231 1024 3286 cultu
1040 3233 1097 3286 tam
1115 3247 1175 3286 rara
1187 3233 1250 3285 sunt
1267 3231 1298 3284 in
1311 3231 1381 3300 opti-

337 3316 390 3370 mis
407 3316 502 3385 podtis.
539 3316 611 3371 Hinc
629 3317 764 3386 Virgilius
789 3317 818 3371 in
843 3319 978 3381 Aeneide,
1003 3319 1055 3373 etsi
1078 3318 1250 3374 Homericam
1269 3319 1381 3374 sinceri·

337 3406 421 3458 tatem
439 3408 551 3459 naturae
569 3406 599 3458 in
618 3405 743 3474 plurimis
768 3405 850 3461 rebus
875 3423 929 3460 non
948 3407 1114 3476 assequitur,
1138 3407 1281 3476 omniaque
1298 3407 1382 3461 habet

336 3493 479 3562 fucatione,
496 3508 632 3562 nusquam
650 3492 825 3562 sonpunam,
850 3497 877 3548 et
897 3511 965 3563 quae
984 3495 1019 3549 ad
1035 3510 1096 3549 eam
1113 3494 1260 3563 pertinent,
1279 3511 1381 3548 memo-

336 3581 385 3634 rat.
422 3580 519 3649 Neque
536 3583 628 3635 tamen
645 3597 699 3634 uno
717 3580 776 3635 loco
796 3581 862 3636 satis
876 3582 950 3636 cavit
966 3582 1056 3636 levem
1074 3598 1206 3650 errorem,
1216 3581 1254 3634 ·in
1267 3581 1380 3651 Sibylla,

338 3663 472 3719 Carmina
489 3665 520 3718 a‘n
536 3666 612 3733 solite
631 3664 795 3720 describente
812 3667 885 3721 notis
903 3667 1105 3722 cacuminibus
1122 3669 1173 3737 ΠΙ,
1192 3669 1252 3722 443.
1271 3668 1319 3737 VI,
1339 3669 1380 3723 74.

336 3753 454 3823 Inunc,
482 3757 510 3808 et
528 3753 658 3824 Gorgiae,
687 3753 799 3823 Ouidio,
823 3755 956 3825 Tragicis,
984 3755 1131 3824 Virgilium
1158 3756 1226 3810 adde
1250 3755 1380 3826 gravissi-

337 3858 413 3896 mum
431 3843 541 3910 testem,
559 3842 657 3912 quippe
675 3844 835 3912 perpetuum
853 3841 964 3898 Homeri
982 3842 1154 3899 imitatorem.
