3048 4588
314 341 348 396 10
758 341 925 394 Prolegomens.

312 541 363 583 rae
384 522 560 584 Homericae
589 522 748 584 auctoritas
777 524 874 600 posita
903 523 943 584 sit
971 523 1004 582 in
1033 528 1095 583 tam
1114 542 1258 584 novorum
1279 524 1359 584 codi-

312 645 382 688 cum
417 628 489 704 fide,
529 629 682 706 plerisque
720 634 858 689 veterum
890 631 1102 689 recensionum
1138 629 1276 705 vestigiis
1313 629 1359 690 sic

313 732 430 793 obtritis
451 751 486 793 aa
508 734 631 808 deletis,
662 738 696 793 ut
726 739 829 794 textus
863 735 958 794 nostri
988 734 1178 795 conformatio
1208 753 1303 813 paene
1325 735 1358 794 in

312 838 436 899 obscuro
455 838 555 899 lateat.
600 839 754 899 Habemus
773 857 871 915 nuno,
894 839 922 899 11
944 840 1043 899 omnia
1064 840 1197 918 undique
1218 845 1358 917 excerpta

312 942 532 1020 componimus,
553 943 699 1004 Masoram
722 944 813 1004 ctiam
836 942 980 1004 Graecam
1002 945 1163 1022 quandam,
1186 951 1251 1004 tum
1272 950 1358 1004 vetu-

313 1052 404 1123 state,
437 1053 502 1108 tum
535 1049 635 1109 variae
666 1049 843 1109 eruditionis
873 1049 958 1126 copia
979 1050 1074 1109 multo
1104 1051 1358 1128 praestantiorem,

311 1153 464 1231 multoque
486 1155 596 1214 melius
619 1161 773 1216 servatam.
818 1155 916 1232 Atque
946 1155 1003 1214 hac
1024 1159 1165 1233 utraque,
1195 1164 1227 1215 11
1246 1155 1359 1216 Graeca

312 1262 344 1318 et
374 1258 537 1334 Hebraico,
568 1260 716 1336 famagins
746 1259 957 1335 comparanda,
999 1276 1080 1318 nunc
1113 1258 1235 1319 demum
1266 1259 1358 1319 altius

312 1363 481 1440 perspicere
503 1363 619 1440 licebit,
642 1383 660 1424 a
682 1365 790 1443 quibus
809 1364 966 1440 principiis
981 1364 1054 1424 olim
1073 1363 1171 1424 omnis
1190 1365 1358 1424 emendatio

312 1467 455 1528 librorum
477 1474 508 1529 et
529 1470 632 1530 critica
651 1487 700 1530 ars
722 1470 855 1546 profecta
883 1469 939 1545 sit,
969 1488 1038 1530 cum
1061 1469 1128 1529 aliis
1152 1471 1242 1530 rebus
1264 1470 1357 1547 pluri-

312 1574 383 1648 bus,
414 1575 523 1652 quibus
552 1575 699 1635 litteratae
726 1575 913 1652 antiquitatis
940 1575 1071 1651 cognitio
1093 1575 1277 1636 continetur:
1307 1575 1357 1635 cui

313 1680 412 1740 studio
435 1681 525 1740 etiam
544 1680 581 1739 ad
603 1680 835 1757 intelligendum
857 1684 976 1756 poetam
1002 1698 1090 1757 saepe
1111 1680 1182 1757 plus
1204 1680 1356 1755 debemus,

313 1804 402 1864 quam
423 1786 473 1846 hio
494 1786 578 1847 locus
600 1785 705 1861 capiat.
752 1785 837 1859 Quod
859 1789 959 1844 autem
990 1785 1128 1862 inprimis
1150 1785 1279 1846 notabile
1302 1790 1357 1860 est,

313 1897 344 1952 et
364 1890 492 1950 Venetis
509 1891 558 1950 his
580 1891 664 1951 codd.
687 1891 833 1952 eximium
855 1891 987 1968 pretium
1009 1890 1105 1968 addit3
1132 1892 1302 1967 accepimus
1323 1892 1357 1950 in

312 1997 374 2056 illis
394 2015 528 2056 normam
557 2002 589 2056 et
618 1996 703 2074 quasi
725 1995 882 2070 amussim,
910 1995 947 2054 ad
974 2013 1064 2073 quam
1085 1996 1221 2055 codicum
1243 2002 1357 2056 nostro·

312 2119 393 2176 rum,
413 2106 444 2160 11
465 2119 568 2160 eorum
590 2101 643 2178 111
664 2100 788 2178 posthac
810 2100 1017 2175 conferentur,
1040 2099 1167 2177 qualitas
1182 2106 1214 2161 et
1227 2101 1357 2161 conditio
1392 2091 1396 2100 ’

311 2207 437 2266 firmiter
458 2207 541 2282 exigi
563 2204 666 2283 possit.

398 2310 478 2370 Hlud
499 2312 559 2370 iam
581 2329 663 2371 nunc
691 2327 747 2369 nos
776 2309 877 2370 docuit
904 2327 978 2370 usus
1000 2310 1194 2385 variantium,
1223 2327 1357 2388 1111111
1446 2299 1452 2304 ¹

270 2417 302 2470 15
311 2417 444 2494 quinque
464 2416 547 2476 codd
561 2415 842 2475 Vindobcnensibus
857 2415 953 2474 edidit
971 2411 1127 2496 11111111,
1153 2415 1201 2473 vir
1222 2415 1358 2474 doctissi-

310 2539 379 2582 mus
401 2525 432 2580 et
452 2521 603 2581 indefessa
624 2520 780 2579 industria.
826 2518 886 2579 Sed
908 2520 964 2579 hae
986 2519 1144 2595 lectiones,
1172 2538 1242 2579 oum
1259 2520 1357 2580 Vene-

311 2627 351 2686 tis
371 2627 539 2704 ceterisque
554 2626 649 2701 copiis
663 2629 861 2700 comparatae,
884 2625 959 2683 mihi
975 2643 1082 2700 parum
1097 2625 1161 2701 spei
1175 2625 1357 2702 relinquunt,

310 2731 373 2791 fore
395 2736 430 2789 ut
451 2731 489 2790 ad
510 2731 605 2790 Iliada
626 2729 749 2808 quidem
767 2747 807 2788 111
829 2728 982 2790 codicibus
1004 2730 1099 2789 multa
1125 2734 1358 2806 1111111111-

311 2838 399 2913 cipua
418 2855 546 2913 usquam
568 2835 718 2914 prodeant
760 2822 842 2894 'Nam
866 2835 926 2911 ipsi
953 2835 1092 2896 meliores
1117 2835 1186 2894 libri
1207 2834 1358 2895 Vindobo-

311 2959 423 3003 nenses
441 2942 518 3001 nihil
539 2941 621 3000 aliud
642 2941 705 3000 fere
732 2941 794 3000 nisi
823 2941 942 3016 cognita
973 2945 1004 3000 et
1022 2940 1094 3000 alibi
1112 2945 1231 3016 reperta
1252 2942 1357 3000 confir-

311 3052 409 3123 mant,
431 3066 524 3126 quum
545 3047 641 3106 exiis
663 3051 818 3124 appareat,
845 3064 920 3123 quae
943 3044 1087 3106 lectiones
1105 3045 1195 3105 alieni
1215 3046 1357 3122 posterio-

311 3172 380 3213 rum
401 3158 571 3231 temporum
593 3151 792 3213 Grammatico
810 3152 860 3212 vel
882 3151 1002 3211 librario
1017 3151 1254 3228 praestabiliores
1275 3152 1358 3211 visae

313 3258 381 3318 1111
427 3257 601 3317 Cuiusmodi
633 3258 823 3316 auctoritates
858 3256 999 3334 quoniam
1028 3273 1086 3315 nec
1119 3256 1202 3332 ipsae
1232 3273 1287 3332 per
1316 3274 1357 3332 se,

209 3349 215 3360 ’
312 3381 369 3423 nec
389 3380 534 3422 numerus
556 3367 587 3422 et
607 3362 769 3422 multitudo
792 3379 894 3422 earum
916 3361 1078 3439 quidquam
1095 3361 1240 3420 momenti
1261 3360 1358 3436 faciat,

312 3467 489 3544 praesertim
518 3467 545 3526 si
574 3485 635 3526 non
663 3466 847 3543 nominatae,
874 3471 1031 3538 auctorum,
1055 3466 1200 3542 gravitate
1221 3467 1356 3543 careant5

312 3573 393 3632 haud
413 3573 513 3649 paullo
535 3573 605 3650 plus
634 3590 825 3632 accessurum
852 3578 956 3649 putem
986 3571 1057 3632 huic
1080 3570 1234 3649 apparatui
1256 3571 1358 3630 lectio-

312 3696 400 3753 num,
424 3679 450 3737 11
472 3679 530 3737 viri
552 3678 632 3738 docti
654 3678 741 3755 plura
756 3677 908 3737 Glossema
929 3682 961 3736 11
981 3676 1099 3737 Scholia
1121 3676 1233 3736 inedita
1252 3693 1358 3736 excus-

314 3783 424 3858 serint,
455 3801 545 3861 quam
572 3783 599 3843 si
621 3800 676 3842 nos
700 3782 862 3842 ditaverint
887 3782 993 3842 decem
1014 3782 1064 3841 vel
1085 3781 1195 3858 viginti
1214 3799 1358 3840 novorum
