3048 4588
324 376 343 428 4
766 377 932 430 Prolegomena.

324 555 477 614 excedant.
523 555 604 629 Quae
637 557 783 616 dubitatio
817 557 843 616 si
878 576 944 616 eam
976 557 1039 615 vim
1073 558 1193 632 habeat,
1226 561 1261 616 ut
1282 560 1370 633 poeta

323 661 409 720 nobis
432 679 471 720 ex
492 661 540 720 his
562 663 695 721 fontibus
727 662 764 720 ad
794 663 951 722 veritatem
981 667 1011 722 et
1033 662 1235 737 integritatem
1259 666 1369 736 textus,

323 765 455 842 primum
479 765 581 825 divino
604 767 671 826 eius
694 785 744 826 ore
767 765 845 843 fusi,
874 767 972 843 redigi
996 771 1141 844 nequeat,
1170 767 1267 825 (111111
1289 770 1370 842 post-

324 868 393 944 hac,
427 888 516 946 quam
537 870 664 930 libenter
695 872 772 931 hanc
802 876 914 930 sectam
941 871 1146 948 rationemque
1170 889 1284 948 sequar.
1330 871 1370 928 At

324 992 417 1050 quum
443 980 579 1035 veterum
606 975 750 1035 librorum
778 975 838 1035 fata
867 977 979 1052 cogite,
1009 993 1224 1052 nonnunquam
1252 980 1370 1052 praeter

325 1097 409 1155 spem
435 1097 590 1157 prospera,
624 1085 714 1158 atque
743 1081 961 1155 animadverto,
997 1100 1086 1158 quam
1112 1098 1205 1166 prope
1228 1097 1369 1157 germano

225 1221 227 1225 .
299 1183 414 1243 1111111
433 1185 564 1244 redditos
586 1185 749 1246 habeamus
775 1185 971 1261 Herodotum,
1001 1186 1169 1261 Platonem,
1189 1185 1369 1262 Xenophon-

323 1294 400 1365 tem,
434 1290 509 1350 alios
540 1291 606 1350 aevi
639 1291 790 1367 eiusdem,
823 1309 897 1370 quos
930 1310 969 1351 ex
999 1291 1161 1350 eorundem
1182 1290 1370 1349 librariorum

323 1395 461 1454 manibus
489 1395 671 1473 accepimusq
702 1397 763 1456 nisi
793 1398 868 1456 forte
895 1397 1062 1473 priscorum
1090 1389 1211 1454 ἀοιδῶν
1237 1395 1370 1471 pessima

323 1500 361 1559 ad
380 1517 435 1559 nos
468 1501 652 1577 exemplaria
682 1503 836 1577 venerint,
869 1520 930 1561 non
962 1503 1093 1578 reperio,
1126 1520 1180 1560 our
1209 1501 1258 1560 his
1287 1505 1369 1558 tanto

324 1606 424 1665 minus
447 1623 536 1682 quam
557 1605 620 1664 illis
642 1607 851 1665 confidendum
874 1607 922 1666 111.
967 1607 1092 1666 Accedit
1113 1607 1188 1679 huc,
1210 1604 1369 1682 11111011-

323 1710 450 1768 ticorum
479 1710 763 1786 Alexandrinorum,
792 1711 844 1788 qui
873 1710 1017 1787 deinceps
1048 1711 1244 1783 exstiterunt,
1280 1727 1370 1785 opera

324 1815 465 1891 contigit,
493 1819 529 1873 ut
550 1832 605 1874 nos
633 1816 714 1874 baud
740 1815 829 1874 dubie
850 1816 1014 1875 Homerum
1038 1816 1143 1874 multis
1154 1815 1238 1874 -locis
1257 1815 1369 1874 rectius

324 1921 468 1996 scriptum
489 1919 636 1998 legamus,
668 1938 757 1997 quam
779 1921 825 1978 illi
848 1921 907 1997 ipsi
935 1921 1035 1996 legere
1056 1925 1187 1997 possent.
1232 1919 1368 1996 Denique

323 2025 356 2083 in
379 2026 417 2084 iis
437 2025 646 2102 scriptoribus,
674 2025 726 2101 qui
749 2024 872 2084 Homeri
890 2043 996 2085 versus
1018 2030 1184 2102 apponunt,
1214 2025 1369 2100 pauciores
1479 2025 1483 2031 ’

324 2148 411 2204 saue,
440 2148 530 2207 quam
550 2130 619 2207 quis
647 2134 763 2205 speret,
795 2130 984 2190 diversitates
1013 2130 1152 2189 lectionis
1176 2133 1261 2204 sunt,
1293 2147 1369 2207 quae

323 2235 444 2312 quidem
466 2235 593 2293 alicuius
613 2235 757 2293 momenti
779 2235 855 2309 sint,
884 2253 940 2294 nec
962 2235 1055 2294 infida
1072 2235 1216 2294 memoria
1238 2235 1368 2310 vitiatae,

322 2357 396 2417 quas
429 2357 490 2398 non
521 2357 559 2398 ex
598 2339 666 2398 istis
706 2339 857 2400 codicibus
890 2357 986 2416 paene
1024 2340 1145 2400 easdem
1179 2340 1368 2416 recipiamus.

321 2444 446 2504 Novitas
468 2444 551 2503 enim
573 2443 710 2526 codicum
740 2463 801 2504 non
830 2445 927 2504 maius
950 2445 1058 2503 vitium
1081 2449 1140 2519 est,
1163 2463 1252 2521 quam
1273 2445 1368 2502 bomi-

220 2629 221 2632 ,
320 2567 394 2608 num
415 2548 631 2609 adolescentia:
664 2550 755 2608 etiam
784 2550 835 2608 hic
863 2568 924 2609 non
947 2567 1066 2626 semper
1087 2554 1168 2609 aetas
1192 2549 1369 2626 sapientiam

320 2655 417 2730 affert,
440 2658 475 2711 11
497 2653 623 2730 quisque
646 2653 803 2731 antiquum
827 2659 857 2713 et
871 2655 982 2713 bonum
998 2659 1148 2714 auctorem
1167 2655 1244 2713 bene
1268 2655 1368 2730 sequi-

319 2763 383 2832 tur,
406 2759 448 2816 ita
467 2759 553 2818 testis
576 2763 623 2818 est
644 2759 748 2818 bonus.
793 2758 859 2818 Etsi
891 2759 985 2836 igitur
1015 2759 1200 2819 Scholiorum
1227 2757 1366 2818 1111111-

320 2863 464 2923 sariorum
486 2864 642 2938 apparatui
670 2863 821 2941 aliquanto
843 2865 922 2940 ¹plus
945 2883 1034 2941 quam
1065 2864 1156 2923 nudis
1186 2864 1367 2923 membranis

319 2968 430 3044 tribno;
453 2967 591 3044 pluribus
614 2971 714 3027 tamen
736 2969 884 3046 exemplis
908 2987 996 3046 saepe
1018 2969 1177 3046 perspexi,
1206 2949 1278 3028 haec
1301 2967 1369 3026 Gar-

319 3073 401 3130 mina
423 3089 483 3130 non
505 3071 566 3130 nisi
587 3072 723 3150 utrisque
747 3073 915 3132 coniunctis
935 3074 1029 3151 copiis
1044 3074 1082 3132 ad
1104 3091 1170 3132 eam
1192 3073 1370 3149 scripturam

319 3176 451 3235 revocari
473 3192 577 3251 posse,
598 3193 674 3252 quae
698 3194 797 3253 neque
821 3177 896 3252 ipsis
919 3178 959 3237 sit
977 3177 1117 3254 indigna,
1147 3195 1243 3236 neca
1266 3177 1368 3236 doctae

319 3280 505 3358 antiquitatis
527 3281 694 3357 praeceptis
716 3282 886 3342 abhorrens.
914 3281 970 3341 111
999 3283 1108 3342 hocin
1130 3282 1194 3341 loco
1218 3283 1260 3340 ita
1281 3283 1368 3341 nobis

319 3385 570 3463 acquiescendum
598 3386 670 3460 erit,
701 3390 752 3459 ut,
786 3387 813 3446 si
843 3405 952 3464 purum
974 3391 1082 3464 putum
1111 3379 1368 3463 1111111111-

319 3509 403 3566 mus,
435 3509 493 3550 nec
516 3490 598 3549 idem
620 3491 721 3566 nobis,
755 3492 834 3568 quod
860 3492 1034 3567 Plutarcho,
1067 3491 1204 3568 Longino
1226 3491 1275 3550 vel
1297 3491 1368 3550 Pro-

318 3594 380 3670 clo,
409 3595 482 3655 satis
505 3612 571 3654 esse
593 3600 749 3671 putemus,
781 3597 892 3655 autad
914 3597 1015 3656 inania
1036 3601 1119 3672 vota,
1148 3601 1200 3654 aut
1222 3596 1260 3654 ad
1282 3597 1368 3656 effre-

318 3705 419 3759 natam
441 3700 595 3759 divinandi
615 3700 771 3760 libidinem
793 3719 843 3760 res
864 3703 997 3762 reditura
1019 3719 1086 3761 esse
1107 3700 1250 3760 videatur.
