3048 4588
351 325 386 378 84
801 325 965 378 Prolegomena.

351 507 462 567 iterum
484 508 651 583 exorietur,
680 507 740 568 nisi
762 507 887 567 alteram
908 506 1062 568 Graeciam
1089 512 1263 570 nascentem
1284 508 1397 567 viderit

291 591 520 694 1101111991
539 613 605 688 ille,
623 613 676 690 qui
688 613 810 689 ingenio
833 631 923 690 supra
938 631 1042 673 omnes
1061 614 1186 688 eminet,
1210 613 1290 691 quod
1311 631 1397 690 prae-

350 722 397 776 ter
419 722 555 777 naturam
574 723 637 792 est,
665 718 874 779 limatissimus
896 718 978 777 idem
1001 723 1032 778 et
1054 718 1135 777 omni
1154 723 1217 776 arte
1239 717 1397 794 perfectis-

351 821 463 882 simus:
484 840 523 882 ne
544 821 598 881 tali
621 822 743 899 quidem
757 822 872 882 homini
894 821 986 882 tribui
1001 826 1099 898 potest
1113 822 1157 897 id,
1180 823 1259 898 quod
1274 839 1398 898 prorsus
1503 833 1504 900 ζ

350 926 543 987 humanitatis
577 931 697 1004 captum
730 932 865 1004 superat,
899 932 929 987 et
959 926 1007 986 cui
1040 931 1140 986 mente
1171 927 1397 1003 complectendo

349 1030 433 1091 locus
455 1036 486 1090 91
507 1033 632 1092 materia
653 1037 683 1091 et
699 1031 929 1091 fundamentum
952 1031 1068 1090 desunt.
1113 1031 1235 1090 Etenim
1256 1031 1283 1090 si
1297 1031 1397 1106 priora

349 1124 413 1217 ἔπη
436 1137 536 1194 91119
554 1137 689 1196 breviora
710 1136 848 1212 fuerunt,
871 1154 1033 1213 corumque
1045 1135 1282 1213 vulgandorum,
1304 1136 1397 1195 etiam

349 1239 446 1316 ipsius
466 1245 564 1300 aetate
585 1245 617 1300 et
639 1241 692 1299 diu
713 1246 832 1317 postea,
855 1241 964 1300 unicus
978 1239 1084 1300 modus
1103 1240 1161 1298 fuit
1180 1240 1300 1316 publica
1321 1241 1397 1298 reci-

349 1343 435 1419 tatio,
468 1345 537 1404 talis
557 1344 715 1420 videlicet,
750 1345 831 1422 quali
862 1345 1025 1422 rhapsodos
1049 1345 1087 1403 ad
1110 1343 1299 1419 Cynaethum
1326 1362 1398 1403 usos

349 1449 494 1528 vidimus;
530 1451 557 1508 si
578 1469 665 1527 porro
685 1451 809 1510 minime
833 1450 975 1510 credibile
998 1455 1046 1510 est
1068 1455 1099 1509 91
1115 1450 1199 1508 nulla
1221 1450 1398 1509 auctoritate

349 1553 472 1628 nixum,
501 1555 603 1632 plures
633 1561 770 1614 cantores
797 1574 853 1632 per
882 1555 996 1632 aliquot
1021 1555 1086 1614 dies
1108 1555 1172 1614 sive
1194 1555 1397 1614 hebdomades

283 1631 291 1653 ’
349 1659 468 1718 dierum
490 1665 606 1720 coactos
627 1679 761 1738 unquam
782 1679 848 1721 esse
873 1661 911 1720 ad
941 1665 1024 1720 tanta
1047 1660 1185 1719 Carmina
1211 1660 1397 1719 auditoribus

349 1763 529 1842 ingerenda;
551 1783 627 1842 quae
648 1785 708 1825 una
730 1767 805 1825 ratio
827 1766 949 1840 fuisset,
979 1769 1014 1824 ut
1029 1765 1203 1840 magnitudo
1226 1768 1257 1824 et
1280 1783 1397 1823 summa

349 1885 466 1944 eorum,
500 1888 561 1928 non
593 1870 690 1930 dicam
716 1870 1035 1948 comprehenderetur,
1068 1869 1121 1929 sed
1153 1869 1191 1928 ad
1226 1873 1397 1928 extremum

290 1979 339 2030 111
351 1975 504 2034 audiretur
516 1969 575 2058 8²):
598 1975 727 2052 cogitur,
748 1975 887 2052 inquam,
912 1979 943 2034 91
961 1975 1090 2034 efficitur
1111 1975 1296 2048 necessario,
1322 1969 1326 2056 1
1350 1974 1395 2032 1111
1503 2051 1504 2062 ¹

433 2134 479 2202 aa)
499 2134 659 2189 instaures
677 2151 762 2204 quam
781 2134 954 2188 sesama
970 2137 1058 2204 μῆκος
1069 2135 1140 2189 aaut
1157 2134 1186 2187 n
1203 2134 1288 2188 mane
1310 2133 1394 2200 (Post.
1503 2115 1504 2122 '

347 2222 415 2291 231,
442 2223 494 2276 9191
516 2223 577 2291 ipsa
600 2221 740 2292 longitudo
765 2222 824 2280 eius
843 2222 915 2290 apud
932 2224 1038 2276 veteres
1063 2222 1093 2274 in
1111 2221 1284 2290 proverbium
1303 2221 1394 2288 cessit,

347 2309 689 2373 1919919919111199111,
711 2325 765 2363 non
791 2309 823 2362 de
848 2310 948 2364 audita.
986 2308 1148 2378 Quanquam
1168 2309 1220 2364 hoc
1238 2309 1316 2378 parvi
1335 2325 1394 2362 mc-

346 2398 431 2450 menti
450 2399 498 2452 est.
536 2396 589 2452 Sed
616 2396 733 2452 notabile
759 2399 814 2465 est,
842 2397 913 2465 quod
938 2397 1033 2451 Daoer.
1060 2396 1101 2450 ibi
1126 2397 1160 2450 ad
1184 2413 1207 2450 9.
1227 2395 1268 2448 24.
1293 2398 1393 2464 namet,

346 2483 432 2540 Iliada
450 2485 589 2539 commode
607 2484 710 2554 perlegi
733 2499 812 2553 posse
834 2500 888 2538 uuo
909 2485 960 2538 die.
996 2484 1055 2538 Hoc
1075 2500 1124 2554 ego
1148 2483 1242 2554 legens
1261 2500 1340 2552 saepe
1361 2485 1394 2537 ad

345 2575 479 2628 Judaeum
496 2572 620 2641 Apellam
637 2571 815 2626 remittebam.
852 2570 983 2624 Similiter
994 2571 1174 2640 liwiningius:
1193 2569 1253 2624 For
1264 2587 1282 2622 a
1294 2585 1392 2637 waper,

345 2659 456 2726 19919991,
474 2661 495 2712 I
511 2659 567 2712 wall
584 2664 633 2712 aot
650 2675 701 2727 sap
718 2658 794 2712 what
810 2658 894 2725 mtpbt
912 2657 942 2710 be
962 2657 1046 2725 douc,
1071 2659 1101 2725 tf
1113 2674 1152 2710 we
1169 2657 1227 2710 had
1243 2657 1395 2725 reading

345 2761 443 2799 19999
470 2751 501 2799 ot
527 2745 706 2799 Neomarloet.
734 2745 796 2800 Not.
816 2763 841 2814 p.
860 2745 922 2799 478.
958 2747 995 2800 At
1022 2746 1047 2800 si
1073 2747 1119 2800 hic
1147 2745 1322 2801 doctissimus
1351 2744 1395 2798 vir

345 2834 436 2888 locum
453 2833 608 2888 Aristotelis
626 2834 690 2888 inde
709 2833 845 2902 91911119,
864 2835 919 2901 Εἴη
937 2833 961 2887 δ’
976 2835 1011 2888 ἂν
1028 2834 1122 2896 τοῦτο,
1141 2835 1215 2900 19919
1233 2833 1393 2902 interpreta-

345 2925 390 2976 tus
409 2924 465 2988 est,
491 2921 574 2976 etiam
601 2921 688 2976 iliada
715 2923 743 2974 et
763 2920 914 2990 Odysseam
942 2922 1178 2991 εὐσυνοπτοτέρας
1203 2922 1259 2975 1919
1286 2922 1395 2990 putavit

347 3009 459 3064 criticus
476 3009 666 3079 philosophae,
686 3010 720 3064 ad
738 3009 847 3063 tertiam
860 3011 964 3078 partem
977 3025 1107 3062 versuum
1120 3010 1278 3063 9911199199.
1316 3009 1394 3074 Quod

346 3097 455 3166 qmdem
475 3096 753 3166 argumentationibus
768 3096 869 3150 nostris
888 3095 1199 3150 accommodatissimum
1218 3099 1297 3149 esset.
1334 3096 1392 3150 Nec

346 3183 659 3238 99991191119911119
681 3183 794 3253 indigua
818 3184 860 3238 est
878 3183 1036 3252 Arismtele‚
1064 3198 1152 3251 neque
1176 3181 1290 3251 reliquis
1313 3201 1391 3252 prae-

345 3272 431 3341 ceptis
450 3271 509 3324 eius
528 3271 673 3339 contraria,
692 3271 856 3340 probataque
868 3287 955 3339 nuper
968 3271 1051 3325 etiam
1063 3269 1142 3325 alteri
1154 3269 1296 3339 interpreti
1315 3271 1391 3326 111119

346 3358 448 3428 operis,
470 3358 543 3428 Pyeo
561 3359 591 3410 in
610 3357 757 3412 Commeat.
776 3376 802 3427 p.
821 3357 881 3412 458.
918 3358 1014 3428 Neque
1035 3375 1107 3412 nunc
1127 3358 1222 3412 199119
1240 3357 1392 3429 quisquam,

346 3447 501 3501 summariis
521 3446 681 3516 Cypriorum
701 3448 728 3499 et
746 3462 844 3514 parvae
862 3445 958 3500 Iliadis
977 3462 1074 3516 magno
1094 3446 1275 3500 emolumento
1294 3446 1392 3500 harum

345 3533 496 3588 litterarum
514 3533 674 3603 publicatis,
693 3533 728 3587 ad
745 3533 854 3587 Dacerii
872 3534 1035 3588 sententiam
1048 3533 1207 3601 accesserit,
1229 3533 1276 3602 qui
1294 3550 1392 3587 nomen

344 3625 462 3673 99191911
481 3621 499 3674 1.
519 3638 541 3675 9.
563 3622 597 3675 91
614 3619 663 3675 illa
681 3619 806 3674 Carmina
822 3621 963 3675 referebat.
1000 3620 1053 3675 Sed
1072 3621 1124 3675 duo
1143 3620 1391 3689 interpretationem

344 3707 420 3761 illius
438 3707 493 3762 loci
509 3709 620 3762 dubiam
637 3707 755 3776 faciunt,
777 3707 895 3776 primum
908 3709 979 3777 quod
992 3708 1024 3761 de
1036 3706 1203 3776 reliquorum
1222 3707 1311 3769 ἐπῶν,
1330 3710 1391 3762 9119

345 3795 519 3849 Aristotelem
537 3795 660 3863 proxime
674 3796 808 3850 editorum
824 3795 992 3878 longitudine
1010 3795 1108 3848 incerti
1121 3810 1228 3862 eumue,
1247 3796 1307 3847 tum
1321 3795 1391 3864 quod
