3048 4588
573 371 736 423 Prolegomena.
1144 375 1177 427 73

130 551 166 610 16
188 552 345 629 rhapsodis
367 553 551 631 accepimus,
578 555 742 630 plurimum
762 555 975 614 66ηὲ6166161
997 573 1177 632 cognoscen-

129 657 198 716 dam
220 657 314 716 vitem
332 650 467 734 ἀοιδῶν,
497 663 601 735 utpote
624 677 751 736 quorum
774 659 808 718 in
836 660 935 720 locum
958 659 1004 718 illi
1026 677 1177 720 successe

128 766 215 836 runt,
249 780 344 838 peuce
366 763 452 822 nobis
484 763 522 823 de
541 763 656 840 insigni
679 764 784 824 ordine
806 764 934 824 dicenda
962 769 1047 840 sunt,
1080 764 1176 824 mexi-

129 884 236 944 meque
268 885 316 942 ee,
348 868 386 928 16
418 868 528 945 quibus
559 869 617 928 viri
655 869 735 929 docti
771 869 867 930 adhuc
901 869 1002 930 minus
1040 869 1176 957 sollerter

128 971 342 1032 existimarunt
354 968 405 1054 ⁶⁰).

578 1105 717 1170 XXIII.
1183 1125 1217 1178 96

215 1241 294 1301 Nem
323 1261 363 1302 ex
390 1244 444 1319 116,
472 1262 548 1321 6666
571 1265 589 1304 6
612 1245 756 1304 Salmasio
787 1244 908 1304 6161116
931 1245 1082 1322 disputata
1105 1251 1176 1305 sunt

127 1349 164 1408 (16
196 1347 370 1424 rhapsodis,
401 1368 461 1408 non
489 1349 685 1427 intelligitur,
725 1368 829 1410 eorum
863 1349 1054 1426 potissimum
1087 1369 1175 1410 curae

126 1453 245 1528 deberi,
268 1453 347 1530 quod
370 1454 460 1513 etiem
482 1473 564 1515 nunc
586 1456 745 1515 Homerica
766 1460 941 1531 1166166166,
963 1461 1085 1533 arteque
1108 1457 1175 1514 rha-

126 1558 250 1635 psodica
270 1559 381 1617 actioni
403 1557 584 1620 Graecorum
614 1560 708 1635 omni,
742 1566 773 1620 61
800 1560 934 1620 scenicae
963 1565 994 1620 61
1024 1561 1175 1636 616161166,

125 1663 206 1722 viam
225 1664 374 1723 munitam
396 1661 533 1747 esse⁶²):
561 1666 654 1724 immo
675 1667 747 1741 hos,
771 1684 846 1743 quos
867 1666 1018 1742 insignem
1040 1666 1176 1725 ordinem

125 1767 259 1845 appelle,
282 1785 335 1844 pro
357 1769 522 1829 levissimis
544 1770 716 1830 hominibus
738 1770 890 1830 habendos
904 1770 992 1830 multi
1010 1771 1176 1831 docuerunt

20 1939 22 1948 ,
126 1893 164 1933 ex
186 1874 313 1933 Pleione
334 1880 366 1933 61
387 1874 595 1952 Xenophonte.
641 1875 700 1935 Sed
731 1877 781 1935 hio
807 1877 925 1952 primus
949 1880 1057 1936 estex
1079 1877 1175 1937 tribus

126 1979 292 2054 erroribus,
316 1979 368 2056 qui
389 1980 480 2039 huius
502 1980 547 2040 rei
566 1980 725 2041 veritatem
745 1986 939 2057 pervertunt,
961 1981 1039 2058 6661
1058 1981 1176 2057 priscae

20 2135 21 2138 ,
125 2085 208 2143 illius
223 2089 314 2161 61666
329 2084 495 2145 Socraticae
510 2085 617 2146 6616116
631 2086 764 2146 rationes
779 2087 1011 2146 confunduntur.
1037 2087 1176 2146 Alterum

20 2245 22 2266 ,
126 2206 256 2248 errorem
275 2188 336 2247 iam
358 2189 508 2249 sublatum
529 2196 619 2268 puto,
643 2209 701 2268 666
723 2209 762 2250 ex
784 2191 859 2250 false
878 2191 1028 2251 notatione
1044 2192 1175 2252 nominis

21 2353 23 2370 ,
127 2286 285 2375 1661611613
296 2287 339 2373 ⁶²)
368 2293 555 2371 collegerrmt
584 2295 719 2373 quidem,
750 2292 923 2375 verseteml
949 2313 1016 2356 6666
1055 2299 1216 2372 6661611197

213 2515 259 2582 60)
280 2513 387 2584 Optime
423 2516 456 2569 16
488 2515 525 2570 iis
551 2517 662 2585 putetur
695 2515 838 2584 scripsisse
871 2515 898 2570 S.
921 2515 950 2569 F.
977 2515 1120 2586 Dresigius
1145 2517 1176 2570 in

27 2603 31 2610 '
127 2602 508 2671 Comment.Iips.1734.4.
545 2603 667 2672 1116666
687 2604 798 2673 quidem
817 2620 901 2658 manu
918 2603 1026 2673 congeri
1044 2605 1175 2672 poteraut,

126 2690 263 2760 congessit
280 2689 328 2743 ille
344 2690 473 2760 pleraque
491 2691 594 2758 omnia,
614 2691 663 2744 661
682 2690 816 2744 iudicium
835 2707 925 2744 rerum
943 2690 1037 2745 lectori
1056 2691 1174 2760 16116611.

126 2777 184 2832 Η66
205 2778 253 2847 661
271 2778 390 2847 6666111,
418 2779 498 2833 61661
526 2777 623 2834 sellem
643 2777 740 2832 (1111166
769 2777 883 2846 History
910 2779 938 2832 61
955 2778 1055 2832 (116666
1073 2779 1133 2834 Vol.
1152 2778 1174 2833 1.

127 2882 148 2919 c.
168 2865 217 2920 vi.

213 2953 258 3019 61)
276 2952 344 3006 Inde
361 2954 563 3024 ὑποκρίνεσθαι
586 2969 667 3023 saepe
689 2953 789 3007 dicitur
813 2954 846 3007 de
871 2956 953 3008 66616
970 2955 1173 3023 rhapsodorum,

126 3041 233 3110 ipsique
253 3041 399 3111 ὑποκριταὶ
420 3043 497 3096 ἐπῶν
518 3044 650 3097 vocantur
672 3043 733 3095 tum
751 3058 767 3095 6
784 3041 1008 3112 Lexicographis,
1035 3041 1173 3111 Hesychio

22 3105 24 3122 .
126 3136 152 3186 61
169 3132 293 3200 Timaeo,
320 3134 380 3185 tum
402 3130 544 3185 aDiodor.
564 3130 617 3186 Sic.
639 3130 715 3198 XIV,
735 3130 794 3185 109.
818 3130 880 3199 XV,
901 3131 925 3183 7.
961 3129 1058 3184 Plures
1082 3133 1174 3185 eutem

22 3227 23 3240 ³
128 3219 276 3291 ῥαψῳδοὺς
293 3221 320 3271 61
340 3219 499 3288 ὑποκριτάς,
525 3219 674 3292 ῥαψῳδίαν
696 3221 723 3272 61
749 3218 911 3288 ὑπόκρισιν,
937 3220 968 3271 61
986 3218 1107 3286 diversa,
1125 3235 1174 3287 po-

128 3309 209 3373 nunt,
233 3321 288 3360 usu
309 3306 397 3376 magis
420 3306 536 3375 proprio.
572 3306 683 3376 Proprie
707 3307 781 3360 enim
804 3306 837 3358 τὸ
860 3305 1004 3378 ῥαψῳδεῖν
1030 3305 1174 3362 adomnia

22 3395 24 3450 l
133 3410 229 3462 genera
249 3393 406 3448 Cerminum
422 3393 567 3463 pertinuit,
591 3411 607 3450 6
626 3394 726 3463 quibus
743 3410 810 3448 vere
827 3393 897 3448 66116
916 3393 1036 3463 obesset,
1060 3393 1078 3447 i.
1100 3409 1123 3446 6.
1142 3411 1174 3449 66

129 3498 181 3550 que
200 3481 284 3536 etiam
302 3483 390 3536 616161
409 3485 489 3536 66161.

213 3568 259 3635 62)
278 3568 361 3640 Παρὰ
379 3569 411 3622 τὸ
430 3570 547 3642 ῥάπτειν
564 3567 654 3638 ᾠδήν,
677 3585 806 3622 consuere
833 3586 854 3624 s.
874 3573 1027 3622 6666661616
1048 3567 1172 3623 Carmen.

22 3673 23 3677 ¹
131 3654 201 3720 (1666
220 3656 331 3726 quidem
348 3672 415 3710 1616
433 3658 475 3710 661
493 3656 669 3726 etymologia,
694 3658 742 3710 sed
768 3674 802 3711 ex
820 3655 1004 3725 antiquiorum
1020 3660 1173 3724 temporum

130 3740 235 3812 ingenio
253 3743 463 3813 interpretenda.
482 3743 605 3813 ‘Quippe
631 3743 706 3798 61161
729 3747 783 3814 661,
808 3745 931 3799 breviora
950 3744 1075 3799 Carmine
1093 3746 1172 3800 modo

132 3831 158 3882 et
183 3830 275 3885 ordine
304 3831 430 3900 publicae
456 3832 608 3888 recitationi
636 3834 697 3900 apto
717 3834 888 3900 connectere,
916 3847 977 3899 seu,
1005 3835 1038 3886 61
1062 3833 1173 3889 Ρ111611
