3048 4588
341 560 394 620 dm
422 560 530 620 Lesbio
552 559 669 637 Olymp.
693 561 835 620 XXXIV.
864 579 960 638 usque
992 562 1030 620 ad
1059 561 1248 638 Cynaethum
1269 560 1387 637 Chium,

341 665 541 725 excellentem
560 665 594 724 in
615 665 721 742 primis
751 666 784 724 in
805 670 869 726 arbe
892 683 947 726 sua
972 664 1090 743 Olymp.
1110 667 1235 740 LXIX,
1264 667 1386 726 eosdem

340 789 401 829 non
422 769 520 830 aliena
541 775 658 830 tantum
688 771 742 830 sed
763 771 854 830 etiam
876 772 996 848 propria
1017 771 1178 838 cecinisse,
1209 772 1386 848 nullumque

340 893 432 954 prope
451 876 545 936 fuisse
567 876 763 953 rhapscdum,
795 876 870 954 quin
900 877 981 935 idem
1003 877 1165 954 probabilis
1186 882 1274 955 poeta
1296 882 1386 953 esset,

341 980 499 1040 manifesta
520 981 661 1040 historiae
684 980 812 1056 vestigia
833 986 972 1058 arguunt
1018 984 1117 1059 Atque
1139 1001 1179 1042 ex
1196 983 1253 1041 hoc
1274 981 1387 1041 iactum

341 1103 407 1145 esse
429 1091 514 1164 puto,
537 1091 655 1145 uttam
676 1087 770 1145 multa
794 1086 933 1164 Carmina
953 1087 1073 1146 illorum
1095 1093 1277 1164 temporum,
1299 1086 1386 1146 obiit
1502 1035 1504 1164 1

340 1191 444 1250 teretis
464 1192 694 1268 rhapscdcrum,
722 1212 739 1250 a
768 1192 877 1270 quibus
907 1193 1041 1252 conlecta
1063 1197 1180 1267 essent,
1205 1191 1385 1266 nominibus,

341 1314 434 1372 quum
454 1297 491 1354 ab
511 1296 579 1356 aliis
600 1302 632 1356 et
654 1296 721 1356 aliis
741 1296 867 1358 subinde
884 1297 982 1374 repeti
998 1297 1141 1372 solerent,
1164 1296 1285 1356 mndem
1299 1296 1385 1356 falsis

282 1407 332 1462 100
340 1401 510 1460 auctoribus
534 1395 537 1478 1
563 1401 713 1478 assignata
741 1401 830 1461 etad
862 1406 1030 1460 extremum
1064 1393 1233 1460 ἀδέσποτα
1259 1402 1386 1460 circum-

339 1504 496 1564 ferrentur.

786 1667 928 1734 XXIV.

426 1822 490 1881 Iam
521 1821 580 1880 etsi
612 1821 734 1881 Homeri
766 1839 839 1880 aevo
871 1839 1037 1898 perpaucae
1067 1826 1147 1882 artes
1176 1826 1207 1882 et
1227 1821 1386 1897 opificiaa

338 1926 427 1986 certis
449 1927 619 1986 hominibus
639 1927 856 2002 tractabantur,
879 1931 1011 1987 attamen
1029 1945 1078 1986 ars
1094 1918 1214 1985 ἀοιδῶν
1235 1931 1302 1985 tum
1325 1944 1385 1985 non

338 2032 439 2092 minus
461 2031 620 2108 peculiaris
642 2031 700 2090 fuit
727 2050 816 2108 quam
845 2031 922 2091 fabri
952 2036 1004 2090 aut
1025 2030 1127 2108 figuli,
1161 2049 1251 2108 quam
1274 2031 1384 2091 medici

338 2141 390 2195 aut
411 2131 586 2216 herioli⁶⁷),
613 2136 760 2196 honorem
790 2141 892 2196 autem
914 2136 1034 2213 publice
1056 2136 1256 2213 privatimque
1279 2136 1385 2196 habuit

337 2242 427 2317 longe
449 2241 621 2300 maximum.
667 2239 737 2301 Sive
760 2241 841 2301 enim
863 2241 895 2302 in
910 2241 1027 2318 oppidis
1047 2241 1110 2300 suis
1125 2242 1300 2315 manebant,
1320 2241 1383 2301 sive

337 2346 419 2406 varia
440 2347 518 2421 loca,
548 2346 726 2422 populorum
747 2351 914 2406 conventus
943 2364 1108 2424 regumque
1130 2346 1236 2423 epulas
1255 2347 1383 2421 obibant,

337 2452 399 2510 cari
421 2452 480 2511 diis
503 2456 533 2512 et
555 2451 741 2511 venerabiles
763 2452 934 2512 hominibus
949 2451 1141 2511 habebantur.
1186 2450 1299 2511 Eadem
1317 2452 1383 2510 rha-

337 2555 439 2631 psodis
462 2557 609 2632 dignatio,
643 2557 748 2615 eadem
780 2557 842 2615 vita
870 2557 940 2630 fuit,
972 2557 1069 2616 donec
1098 2574 1147 2616 res
1178 2556 1294 2615 sensim
1314 2575 1383 2616 cum

271 2650 273 2655 ’
338 2660 446 2720 studiis
468 2665 500 2720 et
521 2661 653 2720 moribus
681 2660 836 2719 hominum
868 2662 1038 2736 immutata,
1070 2665 1114 2736 et,
1145 2665 1267 2736 argento
1290 2667 1382 2721 certa-

336 2765 452 2824 minum
474 2766 605 2841 praemic
627 2766 778 2842 proposito
792 2760 851 2846 ⁶⁸),
878 2766 916 2825 ad
946 2766 1046 2825 levem
1076 2770 1234 2843 quaestum
1256 2765 1383 2826 deducta

336 2869 450 2929 eviluit.
493 2869 608 2929 Verum
635 2871 691 2929 hoc
721 2870 808 2930 alias:
841 2889 922 2930 nunc
949 2870 1025 2929 illud
1053 2887 1246 2947 quaeramm,
1280 2875 1382 2930 utrum

336 2993 376 3034 ex
398 2974 473 3033 libro
495 2993 534 3033 an
554 2976 726 3036 memoriter
748 2976 913 3035 cecinerint
935 2975 1090 3051 rhapsodi,
1113 2980 1145 3035 et
1159 2975 1240 3052 quali
1263 2976 1381 3035 discen-

336 3079 442 3138 dorum
465 3079 638 3139 Carminum
660 3081 746 3139 modo
768 3081 817 3140 usi
838 3081 912 3154 sint,
946 3081 1064 3159 quando
1091 3081 1183 3140 libros
1212 3098 1273 3139 non
1292 3081 1381 3140 habe-

335 3189 410 3244 rent.
456 3183 521 3258 Qua
542 3185 575 3243 in
603 3203 635 3245 re
665 3203 752 3245 nemo
783 3186 844 3245 nisi
866 3185 979 3244 veteris
997 3185 1138 3246 Graeciae
1161 3185 1249 3262 plane
1271 3185 1381 3262 hospes

336 3289 465 3364 dubitet,
486 3289 560 3366 quin
582 3289 629 3348 illi
650 3290 822 3350 memoriter
843 3291 1105 3367 pronunciaverint
1119 3291 1234 3350 omnia:
1258 3291 1301 3349 ita
1323 3291 1382 3350 iam

423 3485 467 3551 67)
487 3484 558 3538 Vide
587 3482 684 3552 Odyss.
710 3503 731 3554 ρ.
757 3482 816 3538 383.
834 3500 894 3553 sqq.
923 3484 1035 3539 Hesiod.
1056 3479 1130 3555 Ἔργ.
1156 3483 1197 3539 25.
1223 3484 1326 3553 Hymn.
1352 3485 1381 3538 in

336 3571 423 3640 Apoll.
444 3572 503 3626 165.
519 3588 576 3641 sqq.
597 3574 647 3625 etc.

424 3659 469 3726 68)
489 3659 519 3713 Io
540 3675 581 3728 ap.
600 3658 669 3714 Plat.
694 3677 719 3728 p.
739 3658 843 3714 mnu.
878 3655 943 3712 Ἐὰν
968 3659 1022 3729 μὲν
1046 3661 1192 3719 κλαίοντας
1214 3659 1312 3718 αὐτοὺς
1334 3677 1381 3710 κα-

337 3750 423 3809 θίσω,
454 3747 534 3806 αὐτὸς
561 3747 729 3815 γελάσομαι,
760 3746 894 3815 ἀργύριον
920 3747 1082 3816 λαμβάνων·
1110 3745 1159 3800 ἐὰν
1183 3745 1214 3798 δὲ
1238 3747 1380 3814 γελῶντας,

337 3833 419 3892 αὐτὸς
435 3834 604 3903 κλαύσομαι,
623 3834 755 3903 ἀργύριον
773 3833 901 3892 ἀπολλύς.
