2980 4576
343 353 395 406 172
509 305 512 312 ·
782 355 944 408 Prolegomena.

341 533 513 596 Aristarcho
535 537 600 598 visa
621 536 695 614 sint,
717 538 838 616 partim,
860 539 910 600 vel
932 539 1026 599 invito
1049 539 1118 614 hoo,
1140 539 1177 599 ab
1198 538 1382 617 insequenti·

341 640 398 700 bus
415 638 539 701 'Gritiois
569 643 602 701 in
631 643 788 719 nugatum
817 647 936 704 textrim
962 637 1144 726 8888818911).
1188 643 1383 718 4118881888,

431 849 476 916 98)
495 851 566 906 Vide
585 853 619 908 ad
639 873 663 906 α.
679 851 738 908 108.
751 852 812 908 298.
829 854 888 908 553.
912 860 937 922 β.
950 853 992 908 53.
1013 853 1071 908 164.
1084 852 1145 908 436.
1162 853 1223 906 441.
1248 872 1274 922 y.
1288 851 1329 906 18.
1343 853 1384 908 35.

342 937 401 1004 (ubi
419 938 485 993 licet
498 939 617 1008 dubites,
637 941 739 1010 πορειά
756 958 790 995 88
808 941 968 1010 praetulerit
979 941 1154 996 Aristarchus
1172 939 1256 1010 [quod
1273 940 1385 995 fortasse

341 1026 370 1080 in
389 1026 474 1081 altera
491 1027 610 1083 editione
629 1027 750 1097 scripsit]
769 1045 804 1084 an
825 1029 942 1098 παρειάς
964 1027 1069 1098 [8118
1086 1027 1221 1083 Roohium
1240 1029 1273 1082 de
1293 1029 1385 1082 textus
1473 1021 1474 1028 '

341 1113 480 1169 Homerici
503 1114 599 1169 critica
616 1117 673 1170 arte
695 1132 736 1184 ap.
756 1116 838 1186 antiq.
858 1134 883 1185 p.
901 1116 961 1170 332.
980 1115 1060 1186 seq.]:
1087 1132 1150 1170 nam
1167 1115 1197 1168 in
1215 1114 1282 1168 Ven.
1300 1116 1385 1182 textu,

341 1200 414 1256 81881
435 1200 465 1254 18
487 1200 635 1271 Iipsiensi,
661 1201 762 1273 legitur
786 1205 900 1273 nupero:
928 1203 1001 1258 idem
1025 1205 1096 1258 certe
1118 1203 1227 1272 utrique
1251 1202 1386 1270 placuisse

341 1287 516 1358 perspicuum
534 1291 588 1358 est,
610 1291 638 1344 et
655 1290 688 1344 of.
706 1290 741 1345 ad
754 1310 783 1360 χ.
801 1291 874 1358 491.)
894 1290 953 1345 227.
973 1309 993 1344 ε.
1013 1289 1072 1345 638.
1094 1289 1152 1357 (811
1170 1293 1231 1359 post
1247 1289 1386 1358 ineptissi-

342 1391 401 1430 mos
418 1375 558 1431 dissensus
577 1377 738 1432 Grihoorum
756 1378 789 1432 de
807 1394 866 1433 roo.
885 1371 947 1432 οἷον
968 1378 998 1432 18
1016 1377 1206 1447 Aristophanis
1225 1378 1387 1446 scripturam

322 1464 415 1518 ‘recte
440 1466 603 1519 conventum
629 1467 695 1534 est,)
721 1468 739 1528 ζ.
761 1465 820 1519 148.
849 1485 879 1537 μ.
899 1466 941 1521 26.
973 1468 992 1527 ξ.
1011 1465 1053 1520 49.
1072 1467 1115 1520 45.
1136 1465 1194 1519 236.
1216 1464 1275 1519 285.
1303 1485 1327 1519 ο.
1346 1464 1387 1518 49.
1473 1457 1474 1488 ³

343 1553 385 1606 53.
405 1550 464 1606 134.
483 1551 543 1606 601.
568 1551 624 1620 [hic
637 1547 812 1623 Ἀρίσταρχος
830 1569 877 1622 pro
896 1552 1086 1622 Aristophanis
1108 1551 1217 1606 nomine
1242 1550 1388 1605 restituen-

343 1639 409 1692 dum
432 1654 492 1692 esse
510 1638 581 1694 vidit
598 1640 726 1706 Cebetas]
753 1658 782 1692 π.
802 1641 862 1696 175.
888 1659 911 1693 τ.
933 1640 974 1694 76.
994 1641 1035 1694 77.
1064 1659 1095 1710 φ.
1116 1637 1175 1695 126.
1203 1649 1234 1709 ψ.
1253 1638 1315 1693 463.
1352 1637 1389 1699 ΙΙ8

342 1725 480 1780 nonnullis
498 1725 608 1796 quidem
624 1728 721 1782 horum
733 1727 886 1783 Aristarchi
899 1743 997 1782 nomen
1014 1743 1069 1781 888
1081 1727 1194 1798 legitur,
1215 1743 1283 1796 quae
1298 1727 1388 1781 tamen
1473 1783 1474 1806 ,

342 1815 377 1870 ad
396 1813 584 1870 auctoritatem
602 1814 677 1870 illius
694 1815 836 1870 referenda
855 1831 914 1870 esse
932 1815 1023 1884 paullo
1040 1816 1101 1884 post
1114 1813 1286 1884 probabiliter
1299 1816 1388 1868 88188-
1472 1819 1474 1840 ⁴

344 1903 413 1958 dam.
450 1901 528 1968 Quod
546 1903 570 1956 si
590 1903 703 1957 eruditis
722 1903 883 1972 probavero,
903 1902 1078 1972 Aristophani
1097 1901 1287 1958 celeberrimus
1308 1901 1388 1956 disci-

343 1987 425 2058 purus
442 1989 472 2041 m
490 1989 534 2042 ms
553 1989 720 2056 858888
738 1989 919 2059 adstipulatus
939 1990 991 2044 est:
1023 1992 1055 2044 8.
1075 1989 1230 2044 ror-roe.
1251 1977 1312 2044 188.
1331 1975 1388 2043 585.

344 2095 361 2129 ι.
381 2074 538 2130 ser-oss.
560 2075 742 2146 [ose-ese]
761 2063 1176 2147 881-5888888588.
1199 2063 1388 2132 8588-584.

343 2163 512 2235 [rer-reu]
539 2165 602 2231 88·
620 2194 652 2202 -
676 2165 744 2231 eres)
774 2166 794 2224 8
811 2163 854 2218 85.
879 2164 938 2218 213.
961 2151 1116 2220 ’eii-327.
1144 2185 1167 2219 0.
1185 2153 1304 2220 8-55.
1333 2166 1388 2219 147.

344 2251 402 2306 148.
422 2269 452 2305 π.
471 2252 531 2307 eor.
551 2266 576 2305 σ.
596 2252 655 2306 eor.
675 2250 734 2305 588.
754 2270 777 2304 τ.
796 2237 857 2306 sii.
878 2261 909 2320 ψ.
928 2251 988 2304 sm.
1007 2250 1069 2306 825.
1088 2271 1116 2304 ω.
1136 2252 1223 2306 5-8.
1242 2251 1390 2306 err-617.

342 2339 447 2407 Quibus
469 2339 499 2393 in
521 2339 602 2408 18818,
630 2339 654 2393 81
677 2354 778 2408 paucos
798 2338 947 2408 exceperis,
973 2339 1081 2410 egregia
1104 2339 1211 2394 critices
1238 2339 1388 2408 specimina

342 2443 416 2496 esse,
435 2429 462 2481 et
479 2427 578 2496 partim
595 2427 727 2482 imitanda
745 2426 814 2480 mihi
832 2428 960 2496 putabam
972 2427 1052 2482 88818
1066 2427 1252 2496 expediendis,
1272 2443 1387 2497 quorum

343 2513 492 2570 defensioni
511 2514 581 2569 81188
600 2513 676 2569 18888
695 2514 847 2570 destinatus
865 2517 915 2568 est.

428 2601 482 2656 Hio
500 2605 527 2656 81
545 2618 592 2656 888
612 2601 757 2668 ἀθετήσεις
774 2601 914 2657 addendae
933 2604 1008 2664 sunt,
1027 2602 1057 2655 in
1075 2601 1174 2671 quibus
1192 2601 1386 2670 Aristophanes

343 2688 509 2743 Zenodotum
527 2691 638 2743 secutus
656 2692 698 2743 est
715 2690 831 2758 quatuor
846 2688 942 2742 modis.
977 2688 1086 2742 Etenim
1098 2688 1190 2759 aliqui
1207 2703 1306 2742 versus
1326 2688 1386 2742 abe·

341 2778 403 2831 rant
420 2776 453 2831 ab
471 2776 613 2846 utriusque
635 2778 726 2847 textu,
751 2778 782 2831 ut
806 2777 858 2832 duo
882 2776 924 2830 hi:
953 2775 1026 2843 (nam
1049 2775 1141 2845 plures
1164 2793 1218 2830 888
1235 2773 1385 2840 notanturzl

341 2881 365 2916 κ.
384 2862 443 2917 498.
466 2861 545 2932 [491]
566 2865 594 2916 81
612 2883 635 2917 ο.
652 2864 694 2918 33.
702 2863 728 2932 *l
762 2863 872 2918 Talibus
890 2879 953 2933 ergo
970 2863 1041 2918 levis
1058 2864 1125 2917 fides
1144 2865 1186 2918 est
1204 2863 1237 2918 ab
1255 2864 1385 2934 antiquis-

342 2949 420 3004 simis
438 2949 529 3018 libris3
553 2951 596 3019 81,
621 2951 645 3004 81
665 2951 698 3004 18
717 2967 773 3005 vss.
791 2951 875 3004 huius
894 2951 1000 3021 generis
1019 2953 1143 3006 accurate
1166 2967 1338 3006 moneremur
1358 2951 1386 3004 in

342 3037 471 3106 Soholiis,
489 3054 545 3092 non
562 3038 677 3092 dubium
694 3041 748 3108 est,
767 3037 834 3107 quin
851 3037 932 3108 vulgo
945 3055 1023 3098 ,nuno
1042 3037 1128 3092 multo
1144 3038 1223 3094 aliter
1241 3040 1269 3092 81
1284 3038 1385 3093 rectius

343 3126 375 3179 de
400 3124 510 3195 antiqua
536 3125 588 3180 188
613 3125 726 3180 8818818
750 3125 907 3192 certiorne
934 3125 1103 3180 sentiremus.
1146 3125 1199 3180 881
1221 3143 1309 3196 pauca
1331 3126 1384 3192 illa,

342 3229 411 3282 8888
438 3212 605 3290 accepimus,
633 3229 729 3268 manca
757 3215 821 3268 sunt
847 3213 984 3267 interdum
1007 3214 1178 3276 obturbata,
1206 3215 1336 3282 tanquam
1358 3212 1384 3266 in

423 3398 456 3453 [·)
469 3397 603 3440 Rectissime
616 3397 701 3440 iudicat
714 3397 823 3452 Wolfius,
838 3398 896 3453 quod
909 3397 992 3441 iniuria
1005 3400 1071 3452 negat
1085 3397 1118 3441 La
1130 3397 1229 3441 Roehius
1242 3411 1265 3453 p.
1279 3398 1318 3451 53;
1337 3408 1384 3439 nam

342 3470 369 3511 de
387 3468 488 3512 versibus
506 3479 576 3523 88888
594 3469 621 3510 ab
634 3467 781 3523 Aristophane
801 3471 867 3523 81888
885 3482 899 3512 8
914 3469 1025 3512 Zenodoto
1046 3468 1112 3524 plane
1129 3469 1217 3512 omissis
1236 3469 1324 3522 dicitur,
1342 3479 1383 3510 non

342 3540 369 3582 de
383 3551 421 3593 eo,
441 3551 506 3594 quem
525 3539 586 3582 88188
599 3539 759 3594 Aristophanes
777 3539 863 3594 omisit,
884 3540 1008 3583 zenodotus
1022 3541 1085 3583 obelo
1099 3530 1220 3587 88188111.
1234 3541 1281 3582 114.
1309 3539 1383 3593 Neque

342 3611 369 3654 ad
387 3612 457 3654 σ.10.
475 3612 508 3652 11.
529 3610 553 3652 18
569 3610 667 3653 Scholiie
688 3612 728 3652 881
741 3609 849 3654 Zenodoti
866 3613 906 3654 aut
923 3611 1077 3666 Aristophanis
1095 3611 1179 3654 mentio
1198 3611 1235 3654 fit:
1254 3623 1304 3654 nam
1320 3611 1383 3653 verba

341 3679 382 3721 aot
394 3671 576 3740 Ἀριστοφάνους
589 3683 640 3736 post
655 3677 678 3719 ἐν
692 3679 723 3734 τῇ
736 3671 825 3720 Ῥιανοῦ
839 3681 954 3725 Bekkerus
967 3682 1040 3725 invito
1060 3682 1137 3724 codice
1150 3681 1256 3725 inseruit:
1276 3684 1341 3735 81888
1356 3679 1382 3721 ad

342 3761 364 3793 σ.
379 3753 426 3796 597.
442 3753 489 3795 598.
505 3751 549 3794 8181
562 3752 587 3795 18
600 3752 762 3806 Aristophanes
774 3751 816 3795 hos
832 3763 909 3796 versus
922 3764 967 3796 non
980 3752 1049 3796 fuisse
1063 3753 1220 3808 comperimus,
1236 3754 1264 3796 de
1276 3751 1381 3796 Zenodoro

341 3825 415 3865 tamen
428 3821 531 3876 1888188]
