3048 4588
320 346 354 399 12
769 346 934 398 Prolegomena

315 527 420 586 Paullo
449 532 519 606 post
548 528 667 604 proprio
703 528 801 588 studio
823 527 958 604 pervolvi
980 528 1240 606 Lexicographcs,
1275 528 1365 589 Scho-

315 632 418 692 liastas
449 637 480 692 at
511 633 585 693 alios
620 633 835 693 Grammaticos
858 637 990 708 veteres,
1024 639 1106 709 tum,
1137 638 1225 711 prout
1245 637 1364 709 tempus

316 755 417 797 meum
438 738 563 812 ferebat,
583 738 715 815 reliquos
738 737 913 814 scriptores,
936 755 1128 815 quoscunque
1142 738 1238 797 ullum
1254 738 1363 798 Home

284 919 287 930 1
315 843 393 902 ricae
417 843 581 920 scripturae
604 843 767 920 vestigium
798 861 917 902 servare
945 844 1106 920 sperabam.
1152 843 1258 921 Neque
1284 843 1364 903 inter

191 932 197 944 ⁸
314 948 388 1008 haec
409 948 532 1024 neglexi
554 951 657 1026 poetas
678 947 821 1022 Graecos,
851 947 884 1007 in
906 947 1012 1024 primis
1033 948 1268 1024 Alexandrinos,
1295 947 1363 1006 imi-

314 1052 442 1112 tationes
464 1052 587 1112 Homeri
610 1057 803 1127 mossetena,
824 1070 885 1111 ncn
905 1056 955 1128 ut,
979 1053 1123 1130 quomodo
1138 1053 1227 1112 flores
1249 1052 1363 1112 olerent

272 1155 347 1214 17in
380 1157 513 1216 alienum
535 1157 632 1216 solum
653 1157 806 1231 translati,
841 1157 1041 1231 adverterem,
1063 1157 1121 1216 etsi
1145 1149 1148 1237 l
1173 1157 1239 1216 aius
1261 1156 1361 1231 studii,

315 1279 368 1321 suo
390 1261 454 1320 loco
476 1261 615 1337 adhibiti,
644 1279 704 1320 non
727 1261 860 1336 despicio
883 1261 1079 1338 elegantiam
1110 1261 1164 1320 sed
1193 1261 1288 1320 sicubi
1310 1261 1362 1320 isti

314 1382 372 1424 usu
393 1366 550 1425 verborum
574 1370 605 1425 et
634 1383 745 1442 genere
767 1365 924 1442 loquendi,
946 1365 984 1424 ad
1004 1366 1173 1443 principem
1195 1366 1268 1425 artis
1289 1383 1361 1426 suae

314 1470 507 1544 conformato,
532 1470 751 1547 significarent,
767 1470 839 1547 quid
854 1471 887 1528 in
902 1470 1023 1547 optimis
1039 1470 1261 1548 exemplaribus
1276 1470 1360 1530 illius

313 1574 475 1651 legissent,
505 1578 557 1634 aut
588 1574 751 1651 legendum
778 1575 837 1651 ipsi
865 1575 1064 1634 censuissent.
1110 1574 1204 1635 Cuius
1228 1575 1359 1634 animad-

314 1679 475 1754 versionis,
513 1697 552 1738 ne
587 1674 654 1757 quis
691 1697 758 1739 eam
794 1679 915 1756 longius
951 1683 1107 1756 erogatam
1141 1683 1242 1757 putet,
1287 1681 1360 1740 satis

314 1803 457 1861 magnum
478 1785 609 1844 fructum
632 1785 767 1860 percepi,
805 1785 983 1860 praesertim
1017 1803 1056 1844 ex
1077 1785 1117 1844 iis
1137 1785 1250 1861 poetis,
1285 1803 1360 1862 quos

314 1889 487 1966 ambiguum
508 1894 556 1949 est
577 1894 720 1967 poetasne
743 1889 846 1948 verius
869 1908 908 1948 an
930 1889 1112 1949 litteratores
1127 1888 1269 1948 dicamus.
1313 1889 1360 1948 Ita

314 2012 384 2053 vero
405 1995 541 2054 lustratis
570 1993 749 2054 Graecarum
780 1999 810 2054 et
837 1993 1012 2054 Latinarum
1042 1994 1210 2054 litterarum
1238 1993 1360 2053 latebris

315 2099 466 2173 omnibus,
497 2117 572 2176 quae
601 2099 719 2174 uspiam
748 2103 905 2174 susceptae
927 2099 971 2159 rei
995 2098 1201 2158 adiumentum
1223 2098 1358 2158 ostende-

313 2208 395 2279 rent,
417 2203 583 2280 grandique
604 2203 768 2263 lectionum
785 2209 817 2263 et
831 2204 1001 2264 criticorum
1016 2204 1201 2262 notationum
1218 2207 1360 2281 apparatu

313 2313 477 2384 contracto,
508 2309 588 2368 aucti
624 2325 728 2368 sumus
761 2309 888 2368 Venetis
924 2308 986 2368 illis
1016 2313 1047 2368 et
1079 2306 1360 2368 Vindobonensibus

313 2414 479 2491 praesidiis.
523 2413 627 2473 Novus
641 2413 692 2472 hic
706 2431 829 2490 campus
844 2418 965 2491 apertus
979 2433 1091 2473 novum
1108 2413 1240 2474 laborem
1252 2413 1362 2473 obiecit

313 2518 405 2577 iniis
427 2518 516 2593 ipsis,
539 2536 615 2595 quae
637 2517 772 2577 absoluta
793 2523 937 2594 putaram
982 2518 1130 2578 Videbam
1149 2518 1231 2577 enim
1254 2519 1360 2577 bonam

312 2626 428 2699 partem
458 2622 609 2681 confectae
638 2623 705 2682 viae
740 2622 815 2681 mihi
847 2622 1012 2682 iterandam
1044 2639 1127 2692 esse,
1169 2626 1203 2681 ut
1233 2623 1361 2699 primam

313 2744 444 2786 messem
466 2745 535 2786 cum
554 2728 641 2786 noris
663 2728 769 2804 opibus
791 2727 1018 2802 contenderem,
1040 2731 1087 2801 et,
1110 2727 1137 2786 si
1155 2727 1229 2786 forte
1245 2727 1361 2804 aliquid

313 2831 388 2891 utile
409 2836 498 2892 antea
518 2850 572 2908 pro
596 2833 678 2909 spico
700 2850 830 2910 nequam
850 2832 1033 2906 omisissem,
1055 2832 1088 2890 id
1108 2850 1147 2891 ex
1169 2831 1359 2892 contentione

313 2939 425 2998 rectius
445 2938 635 2996 aestimatum
656 2937 914 3014 reprehenderem.
961 2936 1026 3010 Qua
1047 2937 1080 2996 in
1102 2954 1191 3014 opera
1212 2954 1270 3014 quo
1292 2954 1360 3013 pro-

313 3061 435 3120 gressus
460 3060 527 3101 sum
548 3042 683 3118 longius,
706 3060 742 3101 eo
764 3041 932 3102 mirabilius
955 3043 1067 3102 sentire
1090 3041 1176 3118 coepi
1198 3041 1235 3100 de
1258 3042 1359 3101 Vene-

312 3154 410 3208 torum
434 3147 620 3208 Scholiorum
642 3149 838 3225 praestantia,
863 3149 928 3207 sine
951 3147 1060 3225 quibus
1073 3147 1236 3206 multarum
1256 3147 1359 3207 lectio-

312 3272 386 3313 num
404 3258 436 3312 et
456 3270 600 3311 versuum
621 3253 780 3312 auctoritas
810 3253 895 3312 nobis
917 3269 1038 3328 prorsus
1065 3251 1250 3328 incomperta
1271 3257 1359 3312 esset.

311 3358 418 3435 Neque
447 3358 504 3416 hoc
534 3357 620 3416 nobis
654 3356 725 3416 solis
748 3357 910 3416 dolendum
932 3360 1009 3431 erat,
1043 3356 1095 3433 qui
1126 3357 1159 3414 in
1181 3356 1229 3415 his
1251 3357 1360 3416 studiis

312 3468 373 3522 tam
395 3481 461 3522 sero
482 3479 644 3522 versamur.
690 3461 767 3520 Nam
790 3462 880 3521 etiam
901 3461 1111 3534 Eustatbium,
1138 3479 1228 3539 quem
1250 3462 1359 3522 deinde

311 3568 422 3627 iterum
454 3567 637 3644 tertiumque
670 3567 852 3643 comparavi,
887 3586 981 3644 quum
1012 3565 1214 3643 antiquissimi
1247 3567 1361 3628 codicis

312 3674 387 3732 Ven.
412 3673 592 3733 coccum.
615 3673 720 3732 notitia
742 3673 903 3746 caruisset,
932 3673 991 3732 ista
1017 3675 1050 3733 in
1072 3692 1105 3733 re
1133 3673 1258 3750 cognovi
1280 3674 1361 3734 haud

270 3789 304 3843 18
312 3778 406 3837 multo
439 3778 561 3838 meliore
587 3779 706 3837 fortuna
727 3795 833 3852 usum,
864 3797 954 3854 quam
972 3780 1109 3856 quemvis
1133 3773 1136 3858 l
1158 3778 1360 3838 recentiorum
