2980 4576
326 332 377 385 122
771 333 935 386 Prolegomeua.

323 513 462 590 tentiam,
490 533 579 592 quam
606 534 683 592 quae
712 535 782 576 vera
809 521 839 578 et
869 517 999 593 genuina
1028 517 1180 576 videretur
1210 515 1275 575 sine
1304 515 1367 573 ullo

323 624 463 696 respectu
491 621 581 680 huius
604 623 795 698 quaestionis,
841 622 936 696 Quam
959 640 1024 682 rem
1046 622 1133 682 facile
1158 640 1207 681 me
1228 621 1367 698 probatu-

323 743 391 784 rum
413 743 498 802 spero
520 726 615 785 doctis
636 728 788 802 omnibus,
810 728 900 788 etiam
921 727 974 803 iis,
996 727 1105 804 qrribus
1127 728 1231 786 ductas
1247 745 1286 786 ex
1305 725 1367 784 illis

323 830 397 890 locis
433 831 674 891 ratiocinationes
707 852 767 892 non
800 835 942 909 probabo,
978 834 1155 911 praesertim
1187 838 1366 909 postremam

324 935 413 1009 hanc,
437 954 508 1012 vqua
538 937 669 1011 artificii,
706 939 786 1014 quod
822 943 976 1014 tantopere
1010 939 1207 1012 admiranhrr,
1242 935 1367 1013 gloriam
1477 995 1478 1028 ,

323 1041 451 1100 Homero
481 1059 519 1100 ex
549 1047 633 1119 parte
656 1043 772 1102 auferre
801 1061 892 1103 ausus
924 1061 998 1104 sum.
1043 1043 1107 1102 Hoc
1135 1042 1277 1102 nimirum
1300 1059 1367 1118 par-
1477 1039 1478 1068 ³

323 1145 427 1222 paucis
450 1147 508 1206 erit
535 1147 690 1223 credibile,
718 1149 817 1208 forsan
847 1149 1128 1225 1611111111611,
1158 1166 1252 1224 quum
1281 1150 1368 1222 argu·

323 1257 492 1311 mentorum
522 1253 654 1311 omnium
682 1255 813 1331 pondere
836 1255 1005 1314 obruentur.
1049 1254 1086 1312 In
1112 1254 1160 1314 his
1190 1253 1270 1312 enim
1293 1269 1369 1328 opus

324 1363 371 1417 est
391 1375 483 1417 sensu
504 1359 645 1434 quodam,
669 1377 759 1435 quem
780 1359 833 1418 illa
854 1377 914 1418 non
935 1361 1072 1418 61161111.
1108 1358 1184 1417 Mihi
1198 1376 1282 1432 vero,
1305 1356 1368 1416 sive

266 1465 316 1520 160
325 1464 457 1540 ipsorum
473 1462 653 1522 Graecorum
669 1464 731 1523 sive
746 1465 872 1523 aliarum
886 1465 1023 1541 gentium
1043 1456 1226 1543 progreslsus
1243 1463 1369 1536 intueor,

324 1568 400 1627 illud
429 1568 553 1627 minime
583 1568 724 1628 credibile
754 1570 885 1645 videtur,
915 1571 994 1647 quod
1023 1569 1143 1630 credere
1173 1567 1369 1641 assuevimus,
1477 1565 1479 1636 J

325 1674 399 1732 haec
430 1671 501 1731 talia
534 1673 592 1731 duo
625 1690 714 1748 opera
744 1673 835 1732 unius
868 1675 983 1752 ingenii
1012 1657 1135 1751 repente
1170 1691 1208 1733 ex
1237 1673 1370 1732 tenebris
1477 1647 1479 1704 Ῐ

326 1778 534 1854 splendescere
557 1783 587 1837 et
609 1778 705 1838 nitore
725 1779 854 1854 partium
877 1784 907 1840 et
927 1781 1031 1840 multis
1053 1778 1230 1856 magnisque
1252 1778 1370 1837 1111111-
1479 1801 1480 1822 2

325 1885 381 1943 bus
404 1902 539 1943 summae
560 1887 730 1960 perpetuae.

756 2054 935 2120 XXXVI.

412 2209 514 2266 Altera
546 2213 623 2267 aetas
655 2227 673 2266 a
705 2210 891 2267 Paaahtrcta'da'a
921 2209 959 2268 ad
991 2209 1155 2266 Zenodotam
1185 2225 1247 2266 non
1276 2208 1371 2267 multo

325 2315 395 2392 plus
423 2315 500 2374 lucis
527 2315 616 2373 habet
649 2333 739 2390 quam
766 2314 820 2372 illa
848 2314 951 2390 prima.
997 2313 1081 2388 Quod
1110 2313 1196 2372 nobis
1218 2317 1266 2372 est
1284 2313 1372 2372 valde

325 2419 499 2494 dolendum,
530 2420 671 2497 quoniam
700 2419 732 2478 in
755 2438 791 2479 ea
818 2419 949 2496 origines
972 2419 1157 2496 quaerendae
1181 2422 1252 2477 sunt
1273 2417 1371 2477 omnis

324 2525 593 2601 interpretationis
626 2543 702 2601 quae
735 2525 857 2601 quidem
888 2524 968 2601 apud
1000 2528 1117 2584 1616166
1149 2524 1182 2582 in
1211 2541 1270 2582 usu
1303 2524 1370 2582 fuit

325 2629 402 2690 Nam
424 2635 585 2708 antequam
611 2649 677 2690 eam
699 2629 895 2689 refertissima
912 2629 1021 2690 litteris
1048 2633 1129 2689 aetas
1151 2629 1261 2688 maiore
1281 2647 1370 2705 appa·

325 2740 392 2794 ratu
414 2735 656 2812 aggrediebatur,
685 2735 874 2812 Philosophi,
904 2735 1059 2812 Sophistae
1084 2739 1115 2793 et
1135 2734 1187 2794 alii
1208 2733 1372 2794 liberaliter

326 2841 436 2900 eruditi
459 2840 623 2916 specimina
649 2841 792 2901 dederant
813 2839 1028 2917 interpretandi
1049 2838 1184 2916 Homeri3
1215 2857 1285 2898 mox
1308 2843 1371 2898 611-

326 2946 409 3005 dium
431 2945 726 3024 multiplicandorum
748 2945 978 3024 exemplarium,
1005 2944 1216 3004 necessitatem
1243 2945 1371 3003 afferens

327 3050 494 3111 ediversis
517 3052 687 3128 scripturis,
718 3069 792 3128 quas
819 3049 960 3127 rhapsodi
990 3050 1266 3127 suppeditaverant,
1296 3049 1371 3125 opti-
1479 3019 1481 3090 1

326 3175 390 3216 mas
406 3175 539 3234 quasque
555 3156 721 3233 deligendi,
736 3155 817 3216 viam
832 3154 962 3214 munivit
977 3156 1015 3214 ad
1031 3155 1242 3214 accuratiorem
1258 3145 1370 3234 κρίσιν.

326 3261 441 3322 Verum
463 3262 501 3321 de
524 3261 573 3321 his
595 3261 696 3336 paullo
718 3261 889 3320 distinctius
911 3260 1089 3320 tradendum
1111 3264 1164 3320 661.

413 3368 458 3426 Ac
477 3367 573 3442 primo
595 3365 718 3443 quidem
742 3371 876 3442 tempore
897 3369 928 3424 61
949 3382 1044 3441 paena
1066 3365 1104 3423 ad
1126 3363 1253 3424 Periclis
1275 3382 1369 3441 usque
1480 3395 1481 3414 r

326 3475 454 3532 aetatem
477 3449 604 3532 Graecia
622 3470 786 3530 Homerum
816 3474 846 3529 61
874 3473 988 3529 6616166
1019 3461 1148 3540 ἀοιδοὺς
1178 3486 1247 3528 6166
1274 3468 1369 3527 adhuc

327 3578 479 3638 auditione
491 3577 588 3654 magis
605 3595 694 3654 quam
717 3575 844 3635 lectione
860 3575 1063 3652 cognoscebat.
1100 3574 1266 3634 Paucorum
1280 3573 1368 3632 etiam

328 3689 392 3742 tum
415 3687 478 3742 erat
500 3701 571 3742 cura
593 3680 758 3754 scribendi,
788 3679 877 3740 lectio
898 3697 1021 3757 operosa
1042 3683 1074 3739 et
1095 3678 1241 3755 difficilis;
1272 3677 1368 3754 itaque

327 3788 483 3864 rhapsodis
506 3787 636 3846 maxime
659 3803 780 3862 operam
802 3786 925 3860 dabant,
955 3783 1092 3862 captique
1119 3784 1195 3843 mira
1216 3782 1369 3844 dulcedine
