<?xml version="1.0" encoding="UTF-8"?>
<!DOCTYPE html PUBLIC "-//W3C//DTD XHTML 1.0 Transitional//EN"
    "http://www.w3.org/TR/xhtml1/DTD/xhtml1-transitional.dtd">
<html xmlns="http://www.w3.org/1999/xhtml" xml:lang="en" lang="en">
 <head>
  <title>
</title>
<meta http-equiv="Content-Type" content="text/html;charset=utf-8" />
  <meta name='ocr-system' content='tesseract 3.04.00' />
  <meta name='ocr-capabilities' content='ocr_page ocr_carea ocr_par ocr_line ocrx_word'/>
</head>
<body>
  <div class='ocr_page' id='page_1' title='image "./prolegomenaadho05wolfgoog/prolegomenaadho05wolfgoog_0059.png"; bbox 0 0 3048 4588; ppageno 0'>
   <div class='ocr_carea' id='block_1_1' title="bbox 583 353 1187 407">
    <p class='ocr_par' dir='ltr' id='par_1_1' title="bbox 583 353 1187 407">
     <span class='ocr_line' id='line_1_1' title="bbox 583 353 1187 407; baseline -0.002 -11"><span class='ocrx_word' id='word_1_1' title='bbox 583 353 746 406; x_wconf 82' lang='lat' dir='ltr'>Prolegcrnenu.</span> <span class='ocrx_word' id='word_1_2' title='bbox 1152 353 1187 407; x_wconf 82' lang='lat'>43</span> 
     </span>
    </p>
   </div>
   <div class='ocr_carea' id='block_1_2' title="bbox 16 536 1221 2294">
    <p class='ocr_par' dir='ltr' id='par_1_2' title="bbox 16 536 1221 2294">
     <span class='ocr_line' id='line_1_2' title="bbox 143 536 1186 615; baseline -0.001 -18"><span class='ocrx_word' id='word_1_3' title='bbox 143 537 205 597; x_wconf 89' lang='lat' dir='ltr'>Sed</span> <span class='ocrx_word' id='word_1_4' title='bbox 227 538 307 615; x_wconf 89' lang='lat' dir='ltr'>quod</span> <span class='ocrx_word' id='word_1_5' title='bbox 327 555 366 598; x_wconf 92' lang='lat' dir='ltr'>ne</span> <span class='ocrx_word' id='word_1_6' title='bbox 386 537 475 598; x_wconf 89' lang='lat' dir='ltr'>hodie</span> <span class='ocrx_word' id='word_1_7' title='bbox 505 537 628 614; x_wconf 90' lang='lat' dir='ltr'>quidem</span> <span class='ocrx_word' id='word_1_8' title='bbox 657 537 710 596; x_wconf 84' lang='lat' dir='ltr'>ille</span> <span class='ocrx_word' id='word_1_9' title='bbox 732 536 814 596; x_wconf 86' lang='lat' dir='ltr'>ireus</span> <span class='ocrx_word' id='word_1_10' title='bbox 840 555 943 596; x_wconf 90' lang='lat' dir='ltr'>eorum</span> <span class='ocrx_word' id='word_1_11' title='bbox 964 537 1021 597; x_wconf 90' lang='lat' dir='ltr'>ulli</span> <span class='ocrx_word' id='word_1_12' title='bbox 1043 536 1186 614; x_wconf 72' lang='lat' dir='ltr'>simpicio-</span> 
     </span>
     <span class='ocr_line' id='line_1_3' title="bbox 142 641 1186 720; baseline 0.003 -20"><span class='ocrx_word' id='word_1_13' title='bbox 142 658 215 702; x_wconf 94' lang='lat' dir='ltr'>nem</span> <span class='ocrx_word' id='word_1_14' title='bbox 246 643 354 718; x_wconf 87' lang='lat' dir='ltr'>movit,</span> <span class='ocrx_word' id='word_1_15' title='bbox 389 643 441 720; x_wconf 87' lang='lat' dir='ltr'>qui</span> <span class='ocrx_word' id='word_1_16' title='bbox 474 643 619 720; x_wconf 87' lang='lat' dir='ltr'>cuiusque</span> <span class='ocrx_word' id='word_1_17' title='bbox 651 642 758 702; x_wconf 82' lang='lat' dir='ltr'>aetatis</span> <span class='ocrx_word' id='word_1_18' title='bbox 790 641 954 701; x_wconf 82' lang='lat' dir='ltr'>orationem</span> <span class='ocrx_word' id='word_1_19' title='bbox 987 642 1091 702; x_wconf 88' lang='lat' dir='ltr'>subtili</span> <span class='ocrx_word' id='word_1_20' title='bbox 1123 647 1186 703; x_wconf 83' lang='lat' dir='ltr'>arto</span> 
     </span>
     <span class='ocr_line' id='line_1_4' title="bbox 142 745 1187 824; baseline 0.002 -18"><span class='ocrx_word' id='word_1_21' title='bbox 142 746 331 824; x_wconf 80' lang='lat' dir='ltr'>distinguere</span> <span class='ocrx_word' id='word_1_22' title='bbox 353 752 548 823; x_wconf 80' lang='lat' dir='ltr'>consuerant,</span> <span class='ocrx_word' id='word_1_23' title='bbox 569 746 602 806; x_wconf 90' lang='lat' dir='ltr'>id</span> <span class='ocrx_word' id='word_1_24' title='bbox 623 747 696 806; x_wconf 83' lang='lat' dir='ltr'>satis</span> <span class='ocrx_word' id='word_1_25' title='bbox 711 747 813 806; x_wconf 85' lang='lat' dir='ltr'>mirari</span> <span class='ocrx_word' id='word_1_26' title='bbox 827 764 952 824; x_wconf 86' lang='lat' dir='ltr'>nequeo.</span> <span class='ocrx_word' id='word_1_27' title='bbox 997 745 1075 806; x_wconf 85' lang='lat' dir='ltr'>Nem</span> <span class='ocrx_word' id='word_1_28' title='bbox 1088 747 1187 808; x_wconf 82' lang='lat' dir='ltr'>acrius</span> 
     </span>
     <span class='ocr_line' id='line_1_5' title="bbox 141 851 1186 929; baseline 0 -19"><span class='ocrx_word' id='word_1_29' title='bbox 141 851 230 924; x_wconf 88' lang='lat' dir='ltr'>mibi,</span> <span class='ocrx_word' id='word_1_30' title='bbox 252 870 378 929; x_wconf 86' lang='lat' dir='ltr'>quaeso,</span> <span class='ocrx_word' id='word_1_31' title='bbox 408 853 542 912; x_wconf 81' lang='lat' dir='ltr'>animum</span> <span class='ocrx_word' id='word_1_32' title='bbox 562 853 685 912; x_wconf 82' lang='lat' dir='ltr'>intende</span> <span class='ocrx_word' id='word_1_33' title='bbox 704 851 743 911; x_wconf 84' lang='lat' dir='ltr'>ed</span> <span class='ocrx_word' id='word_1_34' title='bbox 765 852 886 912; x_wconf 90' lang='lat' dir='ltr'>illorum</span> <span class='ocrx_word' id='word_1_35' title='bbox 905 869 1048 912; x_wconf 88' lang='lat' dir='ltr'>versuum</span> <span class='ocrx_word' id='word_1_36' title='bbox 1071 869 1186 927; x_wconf 67' lang='lat' dir='ltr'>sonum,</span> 
     </span>
     <span class='ocr_line' id='line_1_6' title="bbox 141 945 1221 1035; baseline 0 -19"><span class='ocrx_word' id='word_1_37' title='bbox 141 975 272 1034; x_wconf 88' lang='lat' dir='ltr'>eumque</span> <span class='ocrx_word' id='word_1_38' title='bbox 294 976 431 1035; x_wconf 83' lang='lat' dir='ltr'>compare</span> <span class='ocrx_word' id='word_1_39' title='bbox 453 977 522 1018; x_wconf 92' lang='lat' dir='ltr'>curn</span> <span class='ocrx_word' id='word_1_40' title='bbox 543 957 687 1035; x_wconf 89' lang='lat' dir='ltr'>Homero;</span> <span class='ocrx_word' id='word_1_41' title='bbox 719 963 772 1018; x_wconf 83' lang='lat' dir='ltr'>eut</span> <span class='ocrx_word' id='word_1_42' title='bbox 792 957 870 1016; x_wconf 89' lang='lat' dir='ltr'>nihil</span> <span class='ocrx_word' id='word_1_43' title='bbox 890 957 924 1016; x_wconf 91' lang='lat' dir='ltr'>iu</span> <span class='ocrx_word' id='word_1_44' title='bbox 945 954 1084 1033; x_wconf 89' lang='lat' dir='ltr'>Orphicis</span> <span class='ocrx_word' id='word_1_45' title='bbox 1104 957 1187 1016; x_wconf 79' lang='lat' dir='ltr'>edul-</span> <span class='ocrx_word' id='word_1_46' title='bbox 1217 945 1221 952; x_wconf 74' lang='grc'><strong>’</strong></span> 
     </span>
     <span class='ocr_line' id='line_1_7' title="bbox 141 1061 1187 1140; baseline 0 -19"><span class='ocrx_word' id='word_1_47' title='bbox 141 1063 276 1122; x_wconf 87' lang='lat' dir='ltr'>terinum</span> <span class='ocrx_word' id='word_1_48' title='bbox 296 1063 444 1140; x_wconf 89' lang='lat' dir='ltr'>reperies,</span> <span class='ocrx_word' id='word_1_49' title='bbox 465 1063 600 1123; x_wconf 77' lang='lat' dir='ltr'>eubillos</span> <span class='ocrx_word' id='word_1_50' title='bbox 621 1062 660 1122; x_wconf 86' lang='lat' dir='ltr'>ed</span> <span class='ocrx_word' id='word_1_51' title='bbox 678 1062 830 1123; x_wconf 85' lang='lat' dir='ltr'>Homerici</span> <span class='ocrx_word' id='word_1_52' title='bbox 850 1063 879 1121; x_wconf 92' lang='lat' dir='ltr'>h.</span> <span class='ocrx_word' id='word_1_53' title='bbox 895 1079 919 1122; x_wconf 91' lang='lat' dir='ltr'>e.</span> <span class='ocrx_word' id='word_1_54' title='bbox 936 1061 1071 1122; x_wconf 80' lang='lat' dir='ltr'>miltioris</span> <span class='ocrx_word' id='word_1_55' title='bbox 1091 1062 1187 1122; x_wconf 90' lang='lat' dir='ltr'>Ioniei</span> 
     </span>
     <span class='ocr_line' id='line_1_8' title="bbox 141 1167 1186 1244; baseline -0.001 -17"><span class='ocrx_word' id='word_1_56' title='bbox 141 1168 290 1228; x_wconf 87' lang='lat' dir='ltr'>sermonis</span> <span class='ocrx_word' id='word_1_57' title='bbox 320 1168 516 1228; x_wconf 83' lang='lat' dir='ltr'>imitationem</span> <span class='ocrx_word' id='word_1_58' title='bbox 544 1168 638 1227; x_wconf 69' lang='lat' dir='ltr'>botos</span> <span class='ocrx_word' id='word_1_59' title='bbox 669 1185 752 1243; x_wconf 86' lang='lat' dir='ltr'>esse,</span> <span class='ocrx_word' id='word_1_60' title='bbox 778 1172 808 1228; x_wconf 90' lang='lat' dir='ltr'>et</span> <span class='ocrx_word' id='word_1_61' title='bbox 828 1168 865 1226; x_wconf 85' lang='lat' dir='ltr'>eb</span> <span class='ocrx_word' id='word_1_62' title='bbox 886 1167 960 1242; x_wconf 82' lang='lat' dir='ltr'>istu,</span> <span class='ocrx_word' id='word_1_63' title='bbox 986 1184 1062 1244; x_wconf 82' lang='lat' dir='ltr'>quae</span> <span class='ocrx_word' id='word_1_64' title='bbox 1083 1167 1186 1243; x_wconf 85' lang='lat' dir='ltr'>fertur,</span> 
     </span>
     <span class='ocr_line' id='line_1_9' title="bbox 16 1269 1187 1349; baseline 0 -18"><span class='ocrx_word' id='word_1_65' title='bbox 16 1269 18 1284; x_wconf 78' lang='lat'><em>&#39;</em></span> <span class='ocrx_word' id='word_1_66' title='bbox 140 1277 293 1332; x_wconf 77' lang='lat' dir='ltr'>vetristete</span> <span class='ocrx_word' id='word_1_67' title='bbox 315 1273 435 1349; x_wconf 91' lang='lat' dir='ltr'>longius</span> <span class='ocrx_word' id='word_1_68' title='bbox 465 1274 571 1333; x_wconf 84' lang='lat' dir='ltr'>abesse</span> <span class='ocrx_word' id='word_1_69' title='bbox 600 1272 754 1332; x_wconf 85' lang='lat' dir='ltr'>concedes.</span> <span class='ocrx_word' id='word_1_70' title='bbox 799 1270 868 1330; x_wconf 88' lang='lat' dir='ltr'>Non</span> <span class='ocrx_word' id='word_1_71' title='bbox 895 1275 996 1332; x_wconf 84' lang='lat' dir='ltr'>movet</span> <span class='ocrx_word' id='word_1_72' title='bbox 1016 1289 1079 1346; x_wconf 84' lang='lat' dir='ltr'>me,</span> <span class='ocrx_word' id='word_1_73' title='bbox 1107 1271 1187 1348; x_wconf 90' lang='lat' dir='ltr'>quod</span> 
     </span>
     <span class='ocr_line' id='line_1_10' title="bbox 141 1375 1187 1455; baseline -0.001 -19"><span class='ocrx_word' id='word_1_74' title='bbox 141 1377 219 1436; x_wconf 88' lang='lat' dir='ltr'>nihil</span> <span class='ocrx_word' id='word_1_75' title='bbox 241 1382 303 1436; x_wconf 83' lang='lat' dir='ltr'>tem</span> <span class='ocrx_word' id='word_1_76' title='bbox 325 1378 482 1455; x_wconf 81' lang='lat' dir='ltr'>antiquum</span> <span class='ocrx_word' id='word_1_77' title='bbox 504 1381 616 1452; x_wconf 80' lang='lat' dir='ltr'>exstat,</span> <span class='ocrx_word' id='word_1_78' title='bbox 638 1377 725 1437; x_wconf 90' lang='lat' dir='ltr'>cuius</span> <span class='ocrx_word' id='word_1_79' title='bbox 746 1377 936 1437; x_wconf 82' lang='lat' dir='ltr'>contentione</span> <span class='ocrx_word' id='word_1_80' title='bbox 958 1393 1007 1436; x_wconf 88' lang='lat' dir='ltr'>res</span> <span class='ocrx_word' id='word_1_81' title='bbox 1022 1375 1187 1454; x_wconf 90' lang='lat' dir='ltr'>deprehen-</span> 
     </span>
     <span class='ocr_line' id='line_1_11' title="bbox 141 1481 1187 1559; baseline -0.001 -18"><span class='ocrx_word' id='word_1_82' title='bbox 141 1483 236 1542; x_wconf 83' lang='lat' dir='ltr'>detur.</span> <span class='ocrx_word' id='word_1_83' title='bbox 283 1481 357 1556; x_wconf 78' lang='lat' dir='ltr'>Quis</span> <span class='ocrx_word' id='word_1_84' title='bbox 390 1483 488 1558; x_wconf 89' lang='lat' dir='ltr'>enim,</span> <span class='ocrx_word' id='word_1_85' title='bbox 517 1483 648 1559; x_wconf 87' lang='lat' dir='ltr'>primurn</span> <span class='ocrx_word' id='word_1_86' title='bbox 676 1481 783 1542; x_wconf 85' lang='lat' dir='ltr'>videns</span> <span class='ocrx_word' id='word_1_87' title='bbox 812 1481 948 1541; x_wconf 83' lang='lat' dir='ltr'>adultum</span> <span class='ocrx_word' id='word_1_88' title='bbox 976 1481 1129 1541; x_wconf 88' lang='lat' dir='ltr'>hominem</span> <span class='ocrx_word' id='word_1_89' title='bbox 1155 1487 1187 1541; x_wconf 92' lang='lat' dir='ltr'>et</span> 
     </span>
     <span class='ocr_line' id='line_1_12' title="bbox 140 1586 1186 1664; baseline 0 -18"><span class='ocrx_word' id='word_1_90' title='bbox 140 1588 260 1664; x_wconf 81' lang='lat' dir='ltr'>integre</span> <span class='ocrx_word' id='word_1_91' title='bbox 280 1587 500 1664; x_wconf 82' lang='lat' dir='ltr'>magnitudine,</span> <span class='ocrx_word' id='word_1_92' title='bbox 522 1587 637 1648; x_wconf 80' lang='lat' dir='ltr'>discere</span> <span class='ocrx_word' id='word_1_93' title='bbox 660 1587 762 1663; x_wconf 83' lang='lat' dir='ltr'>cupiat</span> <span class='ocrx_word' id='word_1_94' title='bbox 780 1604 820 1646; x_wconf 85' lang='lat' dir='ltr'>ex</span> <span class='ocrx_word' id='word_1_95' title='bbox 839 1587 921 1663; x_wconf 88' lang='lat' dir='ltr'>ipso,</span> <span class='ocrx_word' id='word_1_96' title='bbox 943 1586 1025 1664; x_wconf 76' lang='lat' dir='ltr'>quati</span> <span class='ocrx_word' id='word_1_97' title='bbox 1045 1603 1186 1646; x_wconf 77' lang='lat' dir='ltr'>mensrue</span> 
     </span>
     <span class='ocr_line' id='line_1_13' title="bbox 140 1689 1185 1768; baseline -0.001 -18"><span class='ocrx_word' id='word_1_98' title='bbox 140 1691 247 1766; x_wconf 85' lang='lat' dir='ltr'>fuerit,</span> <span class='ocrx_word' id='word_1_99' title='bbox 270 1710 364 1768; x_wconf 89' lang='lat' dir='ltr'>quum</span> <span class='ocrx_word' id='word_1_100' title='bbox 385 1693 419 1751; x_wconf 92' lang='lat' dir='ltr'>in</span> <span class='ocrx_word' id='word_1_101' title='bbox 447 1692 604 1753; x_wconf 84' lang='lat' dir='ltr'>cunabulis</span> <span class='ocrx_word' id='word_1_102' title='bbox 633 1694 733 1752; x_wconf 83' lang='lat' dir='ltr'>esset?</span> <span class='ocrx_word' id='word_1_103' title='bbox 778 1689 922 1765; x_wconf 73' lang='lat' dir='ltr'>Quocirca</span> <span class='ocrx_word' id='word_1_104' title='bbox 954 1695 1072 1750; x_wconf 83' lang='lat' dir='ltr'>tentum</span> <span class='ocrx_word' id='word_1_105' title='bbox 1093 1691 1185 1765; x_wconf 84' lang='lat' dir='ltr'>abest,</span> 
     </span>
     <span class='ocr_line' id='line_1_14' title="bbox 16 1773 1187 1876; baseline -0.001 -21"><span class='ocrx_word' id='word_1_106' title='bbox 16 1773 17 1780; x_wconf 8' lang='grc' dir='ltr'>ἵ</span> <span class='ocrx_word' id='word_1_107' title='bbox 140 1800 176 1855; x_wconf 92' lang='lat' dir='ltr'>ut</span> <span class='ocrx_word' id='word_1_108' title='bbox 196 1813 267 1856; x_wconf 90' lang='lat' dir='ltr'>cum</span> <span class='ocrx_word' id='word_1_109' title='bbox 288 1795 313 1856; x_wconf 87' lang='grc' dir='ltr'>Ι.</span> <span class='ocrx_word' id='word_1_110' title='bbox 334 1795 369 1856; x_wconf 82' lang='lat' dir='ltr'>G.</span> <span class='ocrx_word' id='word_1_111' title='bbox 392 1795 500 1857; x_wconf 88' lang='lat' dir='ltr'>Vcssio</span> <span class='ocrx_word' id='word_1_112' title='bbox 512 1793 554 1876; x_wconf 81' lang='grc'>19)</span> <span class='ocrx_word' id='word_1_113' title='bbox 583 1797 692 1857; x_wconf 86' lang='lat' dir='ltr'>ceteris</span> <span class='ocrx_word' id='word_1_114' title='bbox 714 1795 908 1872; x_wconf 87' lang='lat' dir='ltr'>scriptoribus</span> <span class='ocrx_word' id='word_1_115' title='bbox 935 1795 1115 1856; x_wconf 77' lang='lat' dir='ltr'>oblivionem</span> <span class='ocrx_word' id='word_1_116' title='bbox 1134 1800 1187 1855; x_wconf 85' lang='lat' dir='ltr'>aut</span> 
     </span>
     <span class='ocr_line' id='line_1_15' title="bbox 140 1901 1186 1980; baseline 0.001 -20"><span class='ocrx_word' id='word_1_117' title='bbox 140 1901 341 1978; x_wconf 79' lang='lat' dir='ltr'>ignorantiam</span> <span class='ocrx_word' id='word_1_118' title='bbox 363 1903 512 1977; x_wconf 82' lang='lat' dir='ltr'>obiiciem‚</span> <span class='ocrx_word' id='word_1_119' title='bbox 540 1902 621 1980; x_wconf 90' lang='lat' dir='ltr'>qnod</span> <span class='ocrx_word' id='word_1_120' title='bbox 648 1901 811 1962; x_wconf 79' lang='lat' dir='ltr'>heeo‘tem</span> <span class='ocrx_word' id='word_1_121' title='bbox 840 1901 972 1977; x_wconf 79' lang='lat' dir='ltr'>insignis</span> <span class='ocrx_word' id='word_1_122' title='bbox 993 1906 1186 1962; x_wconf 74' lang='lat' dir='ltr'>monumenta</span> 
     </span>
     <span class='ocr_line' id='line_1_16' title="bbox 140 2006 1185 2083; baseline -0.001 -17"><span class='ocrx_word' id='word_1_123' title='bbox 140 2006 307 2082; x_wconf 81' lang='lat' dir='ltr'>scripturae</span> <span class='ocrx_word' id='word_1_124' title='bbox 327 2009 513 2068; x_wconf 79' lang='lat' dir='ltr'>trunsienrnt</span> <span class='ocrx_word' id='word_1_125' title='bbox 534 2007 671 2082; x_wconf 84' lang='lat' dir='ltr'>silentio,</span> <span class='ocrx_word' id='word_1_126' title='bbox 697 2011 732 2065; x_wconf 90' lang='lat' dir='ltr'>ut</span> <span class='ocrx_word' id='word_1_127' title='bbox 752 2006 845 2066; x_wconf 81' lang='lat' dir='ltr'>etiarn</span> <span class='ocrx_word' id='word_1_128' title='bbox 871 2023 911 2066; x_wconf 85' lang='lat' dir='ltr'>ex</span> <span class='ocrx_word' id='word_1_129' title='bbox 934 2007 990 2066; x_wconf 91' lang='lat' dir='ltr'>hoc</span> <span class='ocrx_word' id='word_1_130' title='bbox 1011 2006 1078 2083; x_wconf 91' lang='lat' dir='ltr'>ipso</span> <span class='ocrx_word' id='word_1_131' title='bbox 1100 2007 1185 2066; x_wconf 91' lang='lat' dir='ltr'>dubi-</span> 
     </span>
     <span class='ocr_line' id='line_1_17' title="bbox 139 2110 1184 2188; baseline 0 -18"><span class='ocrx_word' id='word_1_132' title='bbox 139 2111 265 2170; x_wconf 83' lang='lat' dir='ltr'>tandum</span> <span class='ocrx_word' id='word_1_133' title='bbox 287 2117 407 2188; x_wconf 86' lang='lat' dir='ltr'>putem,</span> <span class='ocrx_word' id='word_1_134' title='bbox 434 2131 474 2172; x_wconf 83' lang='lat' dir='ltr'>en</span> <span class='ocrx_word' id='word_1_135' title='bbox 495 2111 665 2172; x_wconf 77' lang='lat' dir='ltr'>Herodotum</span> <span class='ocrx_word' id='word_1_136' title='bbox 686 2111 763 2171; x_wconf 90' lang='lat' dir='ltr'>illud</span> <span class='ocrx_word' id='word_1_137' title='bbox 785 2112 931 2171; x_wconf 88' lang='lat' dir='ltr'>iudicium</span> <span class='ocrx_word' id='word_1_138' title='bbox 953 2129 1042 2172; x_wconf 85' lang='lat' dir='ltr'>suum</span> <span class='ocrx_word' id='word_1_139' title='bbox 1065 2110 1184 2171; x_wconf 82' lang='lat' dir='ltr'>Criticis</span> 
     </span>
     <span class='ocr_line' id='line_1_18' title="bbox 140 2215 1186 2294; baseline -0.002 -18"><span class='ocrx_word' id='word_1_140' title='bbox 140 2234 212 2277; x_wconf 83' lang='lat' dir='ltr'>suec</span> <span class='ocrx_word' id='word_1_141' title='bbox 232 2217 363 2276; x_wconf 79' lang='lat' dir='ltr'>nationis</span> <span class='ocrx_word' id='word_1_142' title='bbox 383 2217 560 2294; x_wconf 79' lang='lat' dir='ltr'>probaverit.</span> <span class='ocrx_word' id='word_1_143' title='bbox 606 2216 749 2294; x_wconf 85' lang='lat' dir='ltr'>Idemque</span> <span class='ocrx_word' id='word_1_144' title='bbox 772 2216 811 2276; x_wconf 90' lang='lat' dir='ltr'>de</span> <span class='ocrx_word' id='word_1_145' title='bbox 831 2216 957 2294; x_wconf 86' lang='lat' dir='ltr'>reliquis</span> <span class='ocrx_word' id='word_1_146' title='bbox 984 2215 1186 2293; x_wconf 87' lang='lat' dir='ltr'>inscriptioni-</span> 
     </span>
    </p>
   </div>
   <div class='ocr_carea' id='block_1_3' title="bbox 17 2315 1186 2489">
    <p class='ocr_par' dir='ltr' id='par_1_3' title="bbox 17 2315 1186 2489">
     <span class='ocr_line' id='line_1_19' title="bbox 17 2315 1186 2402; baseline -0.001 -21"><span class='ocrx_word' id='word_1_147' title='bbox 17 2377 19 2402; x_wconf 74' lang='grc'>,</span> <span class='ocrx_word' id='word_1_148' title='bbox 140 2323 211 2396; x_wconf 82' lang='lat' dir='ltr'>bus,</span> <span class='ocrx_word' id='word_1_149' title='bbox 240 2339 315 2399; x_wconf 87' lang='lat' dir='ltr'>quas</span> <span class='ocrx_word' id='word_1_150' title='bbox 334 2323 473 2382; x_wconf 90' lang='lat' dir='ltr'>nonnulli</span> <span class='ocrx_word' id='word_1_151' title='bbox 501 2339 540 2382; x_wconf 84' lang='lat' dir='ltr'>ex</span> <span class='ocrx_word' id='word_1_152' title='bbox 562 2323 668 2382; x_wconf 88' lang='lat' dir='ltr'>eodem</span> <span class='ocrx_word' id='word_1_153' title='bbox 690 2321 802 2398; x_wconf 89' lang='lat' dir='ltr'>templo</span> <span class='ocrx_word' id='word_1_154' title='bbox 823 2315 1024 2402; x_wconf 75' lang='lat' dir='ltr'>pmdunt20),</span> <span class='ocrx_word' id='word_1_155' title='bbox 1053 2325 1186 2380; x_wconf 79' lang='lat' dir='ltr'>statuen-</span> 
     </span>
     <span class='ocr_line' id='line_1_20' title="bbox 141 2426 459 2489; baseline -0.006 -1"><span class='ocrx_word' id='word_1_156' title='bbox 141 2426 214 2489; x_wconf 91' lang='lat' dir='ltr'>dum</span> <span class='ocrx_word' id='word_1_157' title='bbox 236 2444 304 2486; x_wconf 87' lang='lat' dir='ltr'>esse</span> <span class='ocrx_word' id='word_1_158' title='bbox 325 2428 459 2487; x_wconf 81' lang='lat' dir='ltr'>arbitror.</span> 
     </span>
    </p>
   </div>
   <div class='ocr_carea' id='block_1_4' title="bbox 17 2530 1228 3140">
    <p class='ocr_par' dir='ltr' id='par_1_4' title="bbox 17 2530 1228 3140">
     <span class='ocr_line' id='line_1_21' title="bbox 228 2530 1228 2608; baseline 0.001 -17"><span class='ocrx_word' id='word_1_159' title='bbox 228 2531 327 2608; x_wconf 84' lang='lat' dir='ltr'>Igitur</span> <span class='ocrx_word' id='word_1_160' title='bbox 358 2533 415 2592; x_wconf 88' lang='lat' dir='ltr'>hoc</span> <span class='ocrx_word' id='word_1_161' title='bbox 446 2549 541 2591; x_wconf 92' lang='lat' dir='ltr'>unum</span> <span class='ocrx_word' id='word_1_162' title='bbox 569 2531 689 2592; x_wconf 87' lang='lat' dir='ltr'>videtur</span> <span class='ocrx_word' id='word_1_163' title='bbox 720 2536 801 2592; x_wconf 88' lang='lat' dir='ltr'>recte</span> <span class='ocrx_word' id='word_1_164' title='bbox 829 2532 931 2608; x_wconf 79' lang='lat' dir='ltr'>colligi</span> <span class='ocrx_word' id='word_1_165' title='bbox 960 2549 999 2590; x_wconf 88' lang='lat' dir='ltr'>ex</span> <span class='ocrx_word' id='word_1_166' title='bbox 1026 2530 1185 2607; x_wconf 85' lang='lat' dir='ltr'>Herodoto,</span> <span class='ocrx_word' id='word_1_167' title='bbox 1194 2538 1228 2592; x_wconf 86' lang='lat'>57</span> 
     </span>
     <span class='ocr_line' id='line_1_22' title="bbox 17 2636 1186 2713; baseline -0.002 -16"><span class='ocrx_word' id='word_1_168' title='bbox 17 2649 19 2660; x_wconf 80' lang='grc'>’</span> <span class='ocrx_word' id='word_1_169' title='bbox 140 2643 236 2697; x_wconf 83' lang='lat' dir='ltr'>artem</span> <span class='ocrx_word' id='word_1_170' title='bbox 257 2637 406 2697; x_wconf 85' lang='lat' dir='ltr'>scribendi</span> <span class='ocrx_word' id='word_1_171' title='bbox 432 2638 492 2697; x_wconf 83' lang='lat' dir='ltr'>iem</span> <span class='ocrx_word' id='word_1_172' title='bbox 522 2636 636 2697; x_wconf 87' lang='lat' dir='ltr'>dudum</span> <span class='ocrx_word' id='word_1_173' title='bbox 665 2642 735 2696; x_wconf 83' lang='lat' dir='ltr'>ente</span> <span class='ocrx_word' id='word_1_174' title='bbox 765 2637 853 2696; x_wconf 91' lang='lat' dir='ltr'>illum</span> <span class='ocrx_word' id='word_1_175' title='bbox 883 2637 1034 2713; x_wconf 79' lang='lat' dir='ltr'>cognitam</span> <span class='ocrx_word' id='word_1_176' title='bbox 1056 2637 1186 2696; x_wconf 86' lang='lat' dir='ltr'>celebre·</span> 
     </span>
     <span class='ocr_line' id='line_1_23' title="bbox 140 2739 1185 2819; baseline -0.001 -17"><span class='ocrx_word' id='word_1_177' title='bbox 140 2747 263 2819; x_wconf 78' lang='lat' dir='ltr'>tumque</span> <span class='ocrx_word' id='word_1_178' title='bbox 282 2742 393 2817; x_wconf 81' lang='lat' dir='ltr'>fuisse,</span> <span class='ocrx_word' id='word_1_179' title='bbox 412 2747 448 2801; x_wconf 92' lang='lat' dir='ltr'>ut</span> <span class='ocrx_word' id='word_1_180' title='bbox 469 2742 585 2802; x_wconf 90' lang='lat' dir='ltr'>ultimis</span> <span class='ocrx_word' id='word_1_181' title='bbox 604 2742 788 2818; x_wconf 85' lang='lat' dir='ltr'>temporibus</span> <span class='ocrx_word' id='word_1_182' title='bbox 809 2741 957 2818; x_wconf 80' lang='lat' dir='ltr'>assignari</span> <span class='ocrx_word' id='word_1_183' title='bbox 978 2745 1088 2817; x_wconf 86' lang='lat' dir='ltr'>posset</span> <span class='ocrx_word' id='word_1_184' title='bbox 1120 2739 1185 2815; x_wconf 81' lang='lat' dir='ltr'>Quo</span> 
     </span>
     <span class='ocr_line' id='line_1_24' title="bbox 141 2845 1186 2924; baseline 0 -18"><span class='ocrx_word' id='word_1_185' title='bbox 141 2847 206 2924; x_wconf 92' lang='lat' dir='ltr'>ipso</span> <span class='ocrx_word' id='word_1_186' title='bbox 236 2845 351 2906; x_wconf 89' lang='lat' dir='ltr'>destrui</span> <span class='ocrx_word' id='word_1_187' title='bbox 378 2850 467 2923; x_wconf 86' lang='lat' dir='ltr'>putes</span> <span class='ocrx_word' id='word_1_188' title='bbox 496 2845 614 2906; x_wconf 90' lang='lat' dir='ltr'>Woodii</span> <span class='ocrx_word' id='word_1_189' title='bbox 643 2847 822 2924; x_wconf 85' lang='lat' dir='ltr'>opinionem.</span> <span class='ocrx_word' id='word_1_190' title='bbox 866 2845 944 2906; x_wconf 85' lang='lat' dir='ltr'>Nem</span> <span class='ocrx_word' id='word_1_191' title='bbox 973 2847 1000 2906; x_wconf 89' lang='lat' dir='ltr'>si</span> <span class='ocrx_word' id='word_1_192' title='bbox 1026 2845 1103 2906; x_wconf 91' lang='lat' dir='ltr'>illud</span> <span class='ocrx_word' id='word_1_193' title='bbox 1124 2851 1186 2906; x_wconf 76' lang='lat' dir='ltr'>tem</span> 
     </span>
     <span class='ocr_line' id='line_1_25' title="bbox 19 2939 1186 3033; baseline -0.005 -17"><span class='ocrx_word' id='word_1_194' title='bbox 19 3007 27 3016; x_wconf 95' lang='lat'><em>.</em></span> <span class='ocrx_word' id='word_1_195' title='bbox 140 2951 244 3028; x_wconf 80' lang='lat' dir='ltr'>paucis</span> <span class='ocrx_word' id='word_1_196' title='bbox 267 2951 355 3010; x_wconf 81' lang='lat' dir='ltr'>annis</span> <span class='ocrx_word' id='word_1_197' title='bbox 377 2956 446 3010; x_wconf 83' lang='lat' dir='ltr'>ante</span> <span class='ocrx_word' id='word_1_198' title='bbox 467 2950 653 3011; x_wconf 89' lang='lat' dir='ltr'>Herodotum</span> <span class='ocrx_word' id='word_1_199' title='bbox 672 2952 738 3011; x_wconf 88' lang='lat' dir='ltr'>fieri</span> <span class='ocrx_word' id='word_1_200' title='bbox 752 2951 914 3027; x_wconf 88' lang='lat' dir='ltr'>coepisset,</span> <span class='ocrx_word' id='word_1_201' title='bbox 938 2939 1186 3033; x_wconf 78' lang='grc' dir='ltr'><strong><em>ἱστορικώτατος</em></strong></span> 
     </span>
     <span class='ocr_line' id='line_1_26' title="bbox 17 3054 1184 3140; baseline -0.001 -25"><span class='ocrx_word' id='word_1_202' title='bbox 17 3085 19 3140; x_wconf 66' lang='lat'><strong>5</strong></span> <span class='ocrx_word' id='word_1_203' title='bbox 140 3061 244 3117; x_wconf 84' lang='lat' dir='ltr'>auctor</span> <span class='ocrx_word' id='word_1_204' title='bbox 266 3073 327 3115; x_wconf 93' lang='lat' dir='ltr'>non</span> <span class='ocrx_word' id='word_1_205' title='bbox 348 3056 403 3130; x_wconf 82' lang='lat' dir='ltr'>ite,</span> <span class='ocrx_word' id='word_1_206' title='bbox 425 3060 461 3116; x_wconf 91' lang='lat' dir='ltr'>ut</span> <span class='ocrx_word' id='word_1_207' title='bbox 481 3056 568 3131; x_wconf 85' lang='lat' dir='ltr'>facit,</span> <span class='ocrx_word' id='word_1_208' title='bbox 590 3056 774 3117; x_wconf 74' lang='lat' dir='ltr'>iudicaturus</span> <span class='ocrx_word' id='word_1_209' title='bbox 794 3060 865 3116; x_wconf 87' lang='lat' dir='ltr'>eret.</span> <span class='ocrx_word' id='word_1_210' title='bbox 912 3054 1052 3116; x_wconf 75' lang='lat' dir='ltr'>Ceterum</span> <span class='ocrx_word' id='word_1_211' title='bbox 1072 3073 1184 3130; x_wconf 85' lang='lat' dir='ltr'>vereor,</span> 
     </span>
    </p>
   </div>
   <div class='ocr_carea' id='block_1_5' title="bbox 229 3277 758 3348">
    <p class='ocr_par' dir='ltr' id='par_1_5' title="bbox 229 3277 758 3348">
     <span class='ocr_line' id='line_1_27' title="bbox 229 3277 758 3348; baseline 0.002 -18"><span class='ocrx_word' id='word_1_212' title='bbox 229 3278 274 3345; x_wconf 86' lang='grc'>19)</span> <span class='ocrx_word' id='word_1_213' title='bbox 293 3277 334 3330; x_wconf 88' lang='lat' dir='ltr'>De</span> <span class='ocrx_word' id='word_1_214' title='bbox 354 3278 421 3331; x_wconf 83' lang='lat' dir='ltr'>Arte</span> <span class='ocrx_word' id='word_1_215' title='bbox 439 3293 550 3348; x_wconf 79' lang='lat' dir='ltr'>gramm.</span> <span class='ocrx_word' id='word_1_216' title='bbox 568 3277 591 3346; x_wconf 84' lang='grc' dir='ltr'>Ι,</span> <span class='ocrx_word' id='word_1_217' title='bbox 610 3277 653 3332; x_wconf 92' lang='grc'>10.</span> <span class='ocrx_word' id='word_1_218' title='bbox 671 3294 696 3346; x_wconf 88' lang='lat' dir='ltr'>p.</span> <span class='ocrx_word' id='word_1_219' title='bbox 716 3277 758 3332; x_wconf 88' lang='lat'>50.</span> 
     </span>
    </p>
   </div>
   <div class='ocr_carea' id='block_1_6' title="bbox 18 3380 1184 3887">
    <p class='ocr_par' dir='ltr' id='par_1_6' title="bbox 228 3380 1184 3452">
     <span class='ocr_line' id='line_1_28' title="bbox 228 3380 1184 3452; baseline 0.001 -16"><span class='ocrx_word' id='word_1_220' title='bbox 228 3381 274 3449; x_wconf 87' lang='grc'>20)</span> <span class='ocrx_word' id='word_1_221' title='bbox 292 3381 331 3436; x_wconf 92' lang='lat' dir='ltr'>Ut</span> <span class='ocrx_word' id='word_1_222' title='bbox 348 3380 466 3436; x_wconf 80' lang='lat' dir='ltr'>Pausan.</span> <span class='ocrx_word' id='word_1_223' title='bbox 483 3381 538 3451; x_wconf 82' lang='lat' dir='ltr'>IX,</span> <span class='ocrx_word' id='word_1_224' title='bbox 558 3383 599 3436; x_wconf 91' lang='lat'>11.</span> <span class='ocrx_word' id='word_1_225' title='bbox 635 3382 747 3437; x_wconf 89' lang='lat' dir='ltr'>Illorum</span> <span class='ocrx_word' id='word_1_226' title='bbox 771 3400 901 3438; x_wconf 85' lang='lat' dir='ltr'>versuum</span> <span class='ocrx_word' id='word_1_227' title='bbox 928 3383 1079 3438; x_wconf 76' lang='lat' dir='ltr'>novitatem</span> <span class='ocrx_word' id='word_1_228' title='bbox 1105 3383 1184 3452; x_wconf 79' lang='lat' dir='ltr'>plane</span> 
     </span>
    </p>

    <p class='ocr_par' dir='ltr' id='par_1_7' title="bbox 140 3469 1184 3541">
     <span class='ocr_line' id='line_1_29' title="bbox 140 3469 1184 3541; baseline 0.001 -18"><span class='ocrx_word' id='word_1_229' title='bbox 140 3470 230 3538; x_wconf 85' lang='lat' dir='ltr'>prodit</span> <span class='ocrx_word' id='word_1_230' title='bbox 249 3485 305 3524; x_wconf 81' lang='lat' dir='ltr'>une</span> <span class='ocrx_word' id='word_1_231' title='bbox 325 3470 471 3524; x_wconf 66' lang='lat' dir='ltr'>connectio</span> <span class='ocrx_word' id='word_1_232' title='bbox 489 3469 584 3538; x_wconf 79' lang='grc' dir='ltr'><strong><em>ἑαυτῷ.</em></strong></span> <span class='ocrx_word' id='word_1_233' title='bbox 621 3470 679 3524; x_wconf 90' lang='lat' dir='ltr'>Nec</span> <span class='ocrx_word' id='word_1_234' title='bbox 704 3470 844 3540; x_wconf 83' lang='lat' dir='ltr'>antiquius</span> <span class='ocrx_word' id='word_1_235' title='bbox 870 3474 913 3525; x_wconf 88' lang='lat' dir='ltr'>est</span> <span class='ocrx_word' id='word_1_236' title='bbox 929 3471 1094 3541; x_wconf 80' lang='lat' dir='ltr'>epigramma</span> <span class='ocrx_word' id='word_1_237' title='bbox 1114 3471 1184 3524; x_wconf 88' lang='lat' dir='ltr'>illud</span> 
     </span>
    </p>

    <p class='ocr_par' dir='ltr' id='par_1_8' title="bbox 18 3555 1183 3626">
     <span class='ocr_line' id='line_1_30' title="bbox 18 3555 1183 3626; baseline 0 -14"><span class='ocrx_word' id='word_1_238' title='bbox 18 3571 24 3588; x_wconf 90' lang='grc'><strong><em>·</em></strong></span> <span class='ocrx_word' id='word_1_239' title='bbox 141 3573 181 3626; x_wconf 77' lang='lat' dir='ltr'>cp.</span> <span class='ocrx_word' id='word_1_240' title='bbox 201 3556 315 3611; x_wconf 82' lang='lat' dir='ltr'>Aristot.</span> <span class='ocrx_word' id='word_1_241' title='bbox 333 3555 429 3612; x_wconf 81' lang='lat' dir='ltr'>Mirab.</span> <span class='ocrx_word' id='word_1_242' title='bbox 447 3559 531 3611; x_wconf 83' lang='lat' dir='ltr'>Auso.</span> <span class='ocrx_word' id='word_1_243' title='bbox 550 3557 610 3610; x_wconf 88' lang='grc'><strong>145.</strong></span> <span class='ocrx_word' id='word_1_244' title='bbox 646 3560 690 3612; x_wconf 86' lang='lat' dir='ltr'>An</span> <span class='ocrx_word' id='word_1_245' title='bbox 715 3558 794 3613; x_wconf 79' lang='lat' dir='ltr'>aliter</span> <span class='ocrx_word' id='word_1_246' title='bbox 817 3558 993 3614; x_wconf 82' lang='lat' dir='ltr'>iudicandum</span> <span class='ocrx_word' id='word_1_247' title='bbox 1018 3558 1055 3612; x_wconf 89' lang='lat' dir='ltr'>sit</span> <span class='ocrx_word' id='word_1_248' title='bbox 1081 3559 1114 3612; x_wconf 93' lang='lat' dir='ltr'>de</span> <span class='ocrx_word' id='word_1_249' title='bbox 1140 3559 1183 3612; x_wconf 90' lang='lat' dir='ltr'>in·</span> 
     </span>
    </p>

    <p class='ocr_par' dir='ltr' id='par_1_9' title="bbox 142 3643 1184 3715">
     <span class='ocr_line' id='line_1_31' title="bbox 142 3643 1184 3715; baseline 0.001 -16"><span class='ocrx_word' id='word_1_250' title='bbox 142 3644 334 3714; x_wconf 85' lang='lat' dir='ltr'>scriptionibus</span> <span class='ocrx_word' id='word_1_251' title='bbox 352 3643 465 3698; x_wconf 76' lang='lat' dir='ltr'>eliorum</span> <span class='ocrx_word' id='word_1_252' title='bbox 485 3643 661 3713; x_wconf 84' lang='lat' dir='ltr'>templorum,</span> <span class='ocrx_word' id='word_1_253' title='bbox 687 3661 755 3714; x_wconf 77' lang='lat' dir='ltr'>quus</span> <span class='ocrx_word' id='word_1_254' title='bbox 772 3648 879 3700; x_wconf 85' lang='lat' dir='ltr'>veteres</span> <span class='ocrx_word' id='word_1_255' title='bbox 902 3645 1003 3715; x_wconf 75' lang='lat' dir='ltr'>passim</span> <span class='ocrx_word' id='word_1_256' title='bbox 1021 3646 1132 3700; x_wconf 78' lang='lat' dir='ltr'>trudunt</span> <span class='ocrx_word' id='word_1_257' title='bbox 1149 3663 1184 3700; x_wconf 86' lang='lat' dir='ltr'>ex</span> 
     </span>
    </p>

    <p class='ocr_par' dir='ltr' id='par_1_10' title="bbox 143 3731 1183 3887">
     <span class='ocr_line' id='line_1_32' title="bbox 143 3731 1183 3803; baseline 0 -17"><span class='ocrx_word' id='word_1_258' title='bbox 143 3731 333 3802; x_wconf 78' lang='lat' dir='ltr'>antiquissima</span> <span class='ocrx_word' id='word_1_259' title='bbox 349 3733 449 3799; x_wconf 78' lang='lat' dir='ltr'>aetate,</span> <span class='ocrx_word' id='word_1_260' title='bbox 468 3731 516 3785; x_wconf 82' lang='lat' dir='ltr'>ulii</span> <span class='ocrx_word' id='word_1_261' title='bbox 533 3731 659 3786; x_wconf 83' lang='lat' dir='ltr'>viderint.</span> <span class='ocrx_word' id='word_1_262' title='bbox 696 3731 765 3785; x_wconf 89' lang='lat' dir='ltr'>Mihi</span> <span class='ocrx_word' id='word_1_263' title='bbox 778 3734 888 3788; x_wconf 82' lang='lat' dir='ltr'>videtur</span> <span class='ocrx_word' id='word_1_264' title='bbox 905 3734 934 3787; x_wconf 91' lang='lat' dir='ltr'>in</span> <span class='ocrx_word' id='word_1_265' title='bbox 947 3735 1003 3789; x_wconf 84' lang='lat' dir='ltr'>toto</span> <span class='ocrx_word' id='word_1_266' title='bbox 1017 3734 1068 3788; x_wconf 91' lang='lat' dir='ltr'>boc</span> <span class='ocrx_word' id='word_1_267' title='bbox 1087 3750 1183 3803; x_wconf 86' lang='lat' dir='ltr'>genere</span> 
     </span>
     <span class='ocr_line' id='line_1_33' title="bbox 143 3817 695 3887; baseline -0.005 -15"><span class='ocrx_word' id='word_1_268' title='bbox 143 3817 260 3885; x_wconf 89' lang='lat' dir='ltr'>primum</span> <span class='ocrx_word' id='word_1_269' title='bbox 280 3818 374 3872; x_wconf 81' lang='lat' dir='ltr'>sancta</span> <span class='ocrx_word' id='word_1_270' title='bbox 391 3818 466 3872; x_wconf 81' lang='lat' dir='ltr'>treus</span> <span class='ocrx_word' id='word_1_271' title='bbox 486 3817 609 3887; x_wconf 71' lang='lat' dir='ltr'>grassata</span> <span class='ocrx_word' id='word_1_272' title='bbox 627 3833 695 3871; x_wconf 85' lang='lat' dir='ltr'>esse.</span> 
     </span>
    </p>
   </div>
   <div class='ocr_carea' id='block_1_7' title="bbox 0 0 1528 4588">
    <p class='ocr_par' dir='ltr' id='par_1_11' title="bbox 0 0 1528 4588">
     <span class='ocr_line' id='line_1_34' title="bbox 0 0 1528 4588; baseline 0 0"><span class='ocrx_word' id='word_1_273' title='bbox 0 0 1528 4588; x_wconf 95' lang='lat' dir='ltr'> </span> 
     </span>
    </p>
   </div>
  </div>
 </body>
</html>
