3048 4588
1096 582 1263 710 §upa

1032 645 1219 874 ff
1241 733 1243 737 ·

1044 884 1054 898 ,
1081 852 1084 894 t
1114 831 1156 864 '³

1285 723 1290 734 Ι

1123 875 1145 900 1,,
1160 862 1163 874 ’
1176 871 1208 900 ῳ
1231 891 1240 908 ,ἵ
1258 636 1319 944 Ὗ

1051 933 1059 942 θ
1131 913 1134 920 Ι
1162 909 1173 928 Ad
1259 925 1264 952 „

399 956 682 1023 PRAEFATIO
714 956 953 1022 neironis.
1048 894 1264 1046 al&

1073 1014 1124 1053 ς’»
1191 1022 1193 1028 ’
1233 1014 1236 1018 ’
1286 1023 1295 1042 ,ι

1057 1017 1187 1120 N‘fflr
1258 1049 1284 1100 T'

621 1139 721 1144 Ἀ,-
1114 1111 1221 1158 ,κη-ὼ

238 1272 312 1370 Diu
327 1313 387 1391 est,
404 1327 505 1390 quum
518 1309 567 1370 vir
581 1309 836 1389 honestissimum
855 1309 910 1390 qui
920 1306 1193 1391 Orphanotrophei

148 1411 299 1474 librariae
319 1431 406 1474 nunc
425 1417 560 1494 praeest,
583 1430 634 1474 me
656 1413 793 1494 rogavit,
816 1417 853 1475 ut
873 1411 1043 1474 divenditis
1066 1412 1194 1475 alterius

1 1535 3 1613 p
150 1515 405 1598 Prolegomenon
448 1515 593 1579 editionis
636 1517 790 1599 exemplis
834 1497 958 1578 tertiam
1002 1535 1193 1599 appararem.

152 1618 247 1694 Quod
277 1641 397 1683 munus
430 1620 784 1684 honorificentissimum
818 1641 1000 1704 quanquam
1040 1640 1096 1704 ego
1130 1642 1193 1684 non

150 1725 337 1807 detrectavi,
361 1731 465 1788 tamen
490 1746 590 1807 quum
613 1726 674 1788 alia
695 1727 871 1789 litterarum
887 1725 992 1787 studia
1007 1731 1075 1788 tum
1092 1725 1193 1809 Opus-

149 1813 296 1892 culorum
308 1829 561 1914 Bergkianorum
576 1831 724 1912 collectio,
742 1850 820 1913 opus
835 1849 910 1892 sane
925 1831 1055 1912 plenum
1070 1831 1195 1913 laboriS,

150 1941 227 1998 aute
245 1936 304 1997 hoc
319 1940 445 2018 tempus
460 1935 638 2018 impedivit,
658 1955 699 1998 ne
717 1940 832 1998 starem
850 1936 1011 2018 promisso.
1050 1934 1195 1997 Pudebat

150 2041 238 2102 enim
258 2060 324 2123 me,
348 2046 385 2103 ut
405 2041 518 2123 dicam,
543 2040 626 2124 quod
651 2041 765 2123 senti0,
789 2045 934 2122 suscepto
959 2038 1061 2102 officio
1084 2040 1196 2103 leviter

150 2143 244 2226 fungi
280 2145 314 2206 in
349 2149 437 2208 tanto
471 2145 577 2208 libello
613 2149 644 2207 et
676 2145 914 2225 typothetarum
945 2145 1034 2226 vitia,
1076 2144 1194 2226 quibus

150 2267 193 2310 ne
222 2249 355 2330 primam
382 2249 510 2330 quidem
531 2249 702 2312 editionem
727 2247 870 2311 videbam
893 2267 1010 2331 carere,
1039 2249 1138 2331 vitiis,
1167 2249 1194 2312 si

150 2353 217 2414 fors
244 2352 351 2435 ferret,
382 2359 474 2416 aucta
498 2355 628 2417 tertium
653 2359 802 2436 repetere.
845 2353 1063 2436 Intelligcbam
1089 2360 1194 2416 autem

152 2457 278 2520 Scholia
293 2460 327 2519 in
343 2457 472 2521 Poetam
489 2459 685 2521 Villoisoniis
703 2477 790 2520 nunc
804 2459 949 2541 plurimis
966 2458 1042 2520 locis
1058 2457 1193 2520 Bckkeri

151 2560 372 2644 Dindoriiique
396 2563 552 2626 industria
578 2563 678 2626 multo
709 2563 921 2626 emendatiora
950 2562 1028 2645 legi,
1060 2581 1194 2644 quorum

152 2672 262 2729 textus
289 2667 435 2730 omnibus
463 2667 528 2730 fere
555 2668 631 2730 locis
662 2687 680 2730 a
705 2667 820 2730 Wolfio
850 2667 985 2730 laudatis
1015 2685 1195 2749 comparare

152 2772 313 2854 diligentis
335 2772 464 2836 editoris
484 2791 552 2836 1111
573 2792 638 2834 non
659 2771 850 2854 ignorabam.
896 2760 991 2834 Nunc
1011 2771 1083 2853 feci,
1110 2772 1194 2853 quod

152 2895 258 2939 meum
283 2896 351 2940 esse
374 2877 559 2958 arbitrabar,
587 2878 737 2959 temporis
760 2877 923 2959 angustiis
948 2895 1011 2958 quo
1033 2875 1066 2938 id
1089 2878 1196 2939 minus

150 2981 299 3064 facerem,
337 2971 443 3045 minus
474 2982 653 3065 impeditus.
706 2981 773 3046 Nec
807 3000 881 3044 vero
916 2980 1015 3043 sicubi
1049 2979 1193 3062 Wolfius,

150 3087 339 3150 immortalis
359 3089 526 3150 memoriae
548 3088 611 3167 vir,
634 3087 685 3150 vel
708 3107 766 3148 sua
785 3087 836 3148 vel
856 3085 959 3148 aliena
980 3086 1074 3167 culpa
1095 3087 1194 3147 mani-

149 3191 232 3254 festo
259 3210 363 3254 errore
392 3192 500 3273 lapsus
528 3210 597 3254 csse
620 3211 646 3252 a.
671 3192 754 3254 1795
778 3189 952 3272 videretur,
982 3190 1041 3251 hoc
1070 3190 1194 3252 silentio

149 3295 419 3380 praetereundum
449 3296 542 3378 duxi,
575 3297 636 3359 etsi
665 3297 804 3358 alienum
834 3314 903 3358 1111
930 3313 1040 3357 amec
1062 3314 1195 3359 munere

150 3419 363 3484 cognoveram
378 3401 539 3483 adnotare,
556 3400 713 3483 quidquid
727 3401 893 3462 hominum
909 3399 1072 3463 doctorum
1088 3400 1195 3463 soller-

148 3509 195 3570 tia
217 3525 254 3567 ac
277 3507 444 3588 sagacitate
469 3507 662 3568 coniunctim
689 3503 804 3567 exinde
831 3505 948 3567 rectius
970 3505 1195 3586 investigatum

148 3616 243 3698 essct.
290 3609 453 3672 Novarum
489 3609 664 3671 editionum
697 3627 846 3671 numeros
880 3629 916 3671 ac
949 3611 975 3670 si
1007 3609 1084 3689 quid
1109 3609 1195 3672 aliud

116 3789 124 3800 ⁵
148 3699 236 3778 esset
259 3713 300 3776 ad
322 3713 406 3776 locos
429 3734 447 3776 a
465 3712 582 3777 Wolfio
604 3713 714 3776 allatos
735 3713 859 3775 facilius
882 3713 1086 3794 evolvendos,
1110 3713 1195 3794 quod

146 3820 327 3902 adiungere
357 3819 460 3901 volui,
485 3817 518 3880 id
545 3819 704 3880 nemiuem
727 3822 804 3900 puto
826 3817 917 3880 facile
939 3818 1195 3899 vituperaturum
