3048 4588
572 379 735 429 Prolegomena.
1144 376 1177 428 75

382 455 601 462 ———m-—.r

133 561 413 638 praestantissimis,
436 561 633 638 plurimorum
647 560 748 619 studia
768 560 918 633 haesisse,
941 563 971 618 et
986 558 1071 634 quasi
1086 557 1178 633 sami-

133 667 200 724 la'am
229 665 379 744 quandam
409 665 562 726 exstitisse
585 667 813 739 Homeridaram,
844 683 919 741 quae
948 664 1078 740 primum
1097 661 1177 738 apud

134 771 239 846 Ohios,
273 771 382 831 deinde
415 771 487 830 alibi
517 771 594 830 hanc
635 775 730 830 artem
760 774 912 829 exerceret
923 763 981 849 ⁶⁵),
1014 768 1176 826 multorum

132 877 314 936 testimoniis
336 878 534 936 confirmatur.

20 975 21 984 ’
219 981 363 1056 Quamvis
394 1000 465 1041 vero
495 981 568 1040 artis
594 981 685 1040 huius
719 999 828 1040 nomen
860 979 996 1040 videatur
1026 978 1176 1054 posterius
1185 968 1219 1022 99

132 1105 200 1146 esse
223 1087 366 1162 Homero,
396 1088 462 1162 ipsa
493 1105 541 1146 ars
564 1090 595 1146 et
614 1085 760 1162 professio
782 1086 842 1144 iam
863 1083 1082 1162 antiquissimis
1101 1088 1176 1144 tem-

131 1192 254 1268 poribus
276 1191 386 1268 viguit,
415 1210 450 1250 ac
478 1191 573 1250 multo
602 1196 667 1250 tum
689 1210 778 1268 quam
800 1190 923 1268 posthac
944 1190 1003 1250 fuit
1024 1189 1175 1249 illustrior.

132 1297 234 1372 Quoad
265 1297 348 1356 enirn
377 1315 538 1374 paucomm
561 1303 638 1373 erat,
672 1297 813 1358 memoria
846 1295 1004 1373 complecti
1034 1295 1176 1354 maiorem

130 1421 292 1461 numerum
326 1401 512 1477 Garminum,
546 1404 680 1462 nondum
711 1404 823 1479 apertis
856 1402 952 1475 ludis,
984 1401 1092 1478 quibus
1125 1400 1177 1458 illa

129 1507 217 1582 pueri
240 1507 430 1581 docerentur,
451 1526 570 1584 unoque
590 1526 700 1584 genere
716 1508 915 1582 eruditorum,
936 1507 1028 1566 sacris
1049 1506 1175 1580 vatibus

129 1617 191 1673 tota
214 1611 340 1672 Graecia
368 1613 564 1687 circumlatis,
595 1614 685 1673 etiarn
714 1631 781 1688 eos,
809 1613 861 1691 qui
890 1613 1010 1671 illorum
1031 1629 1121 1686 opera
1143 1612 1176 1668 in

20 1739 21 1744 ¹
129 1719 268 1778 notitiam
297 1717 381 1794 vulgi
409 1719 612 1794 perferebant,
644 1720 803 1797 praecipuo
837 1719 948 1776 honore
978 1717 1080 1777 haberi
1108 1735 1177 1775 eon·

130 1829 310 1884 sentaneum
332 1823 397 1884 fuit.
444 1823 620 1900 Quanquam
648 1825 743 1900 primo
766 1824 887 1901 quidem
907 1827 1005 1882 vatem
1028 1839 1177 1899 quemque

20 1931 21 1938 ³
129 1930 191 1988 fere
214 1928 338 1987 nonnisi
355 1947 410 1988 sua
431 1929 618 2006 divulgasse,
647 1930 698 1988 vel
721 1948 760 1988 ex
782 1947 817 1988 11
840 1923 978 2006 apparet,
1008 1926 1088 2005 quod
1110 1927 1177 1986 rha-

20 2097 22 2120 ,
128 2033 269 2110 psodicae
300 2035 494 2108 professionis
528 2033 679 2094 Hesiodus
714 2040 766 2093 aut
802 2034 911 2111 aliquis
944 2033 1022 2093 alius
1055 2032 1177 2109 suppari

20 2143 21 2150 ’
128 2145 225 2199 aetate
254 2144 356 2199 auctor
385 2136 640 2220 nuncupaturll').
685 2141 757 2199 Mox
784 2145 884 2200 autem
913 2139 984 2198 inde
1007 2159 1025 2198 a
1046 2138 1176 2214 Terpan-

216 2363 264 2428 65)
284 2361 427 2417 Familiam
447 2363 506 2416 dico
526 2381 558 2417 ea
576 2362 786 2432 significatione,
807 2379 860 2432 qua
877 2361 995 2417 familiae
1009 2361 1177 2430 appellantur

129 2453 217 2505 sectae
236 2450 283 2504 vel
305 2451 413 2505 scholae
435 2451 671 2520 philosophorum,
694 2467 749 2505 111
771 2452 900 2519 tanquam
925 2451 1036 2518 stirpem
1063 2451 1090 2502 et
1114 2466 1175 2518 pro-

20 2559 22 2608 ,
128 2537 236 2607 geniem
254 2536 373 2592 Homeri.
409 2537 487 2592 Hanc
502 2537 752 2607 interpretationem
771 2537 956 2608 relinquamus
968 2535 1082 2591 vanitati
1096 2535 1176 2591 Chio·

20 2635 21 2698 ,
127 2641 189 2678 rum
214 2641 256 2692 ap.
276 2623 362 2679 Strab.
382 2624 457 2679 XIV.
477 2643 503 2694 p.
522 2626 596 2693 645,
622 2643 638 2680 a
656 2642 710 2694 qua
733 2627 846 2679 fortasse
869 2625 923 2694 ipsi
945 2624 1108 2679 Homeridae
1129 2625 1176 2679 ab·

128 2713 246 2766 fuerunt.
296 2711 348 2778 Qui
376 2713 400 2766 si
426 2729 490 2767 vere
518 2729 603 2783 genus
630 2729 725 2782 suum,
756 2729 810 2767 111
840 2715 940 2782 artem,
970 2712 1112 2766 duxissent
1143 2713 1175 2766 ab

128 2799 260 2868 Homero,
281 2799 371 2867 paullo
389 2801 503 2855 certiora
522 2801 555 2854 de
572 2801 709 2855 natalibus
729 2802 756 2853 et
768 2801 826 2854 vita
840 2800 899 2854 eius
917 2801 1022 2854 tradere
1038 2800 1174 2858 debebant.

127 2887 223 2958 Neque
242 2903 307 2942 vero
327 2890 516 2957 argumentum
535 2891 577 2942 est
594 2889 625 2940 in
636 2889 705 2942 locis
717 2887 840 2956 Pindari,
859 2888 983 2942 Acusilai
1001 2891 1029 2942 et
1040 2888 1176 2942 Hellanioi

127 2975 180 3043 (ap.
193 2974 325 3043 Harpoor.
344 2993 370 3028 v.
385 2969 558 3046 Ὁμηρίδαι),
577 2976 649 3044 quod
660 2975 802 3045 uulgarem
815 2974 892 3029 illam
908 2977 1008 3030 famam
1022 2976 1176 3042 confirmet,

128 3061 326 3116 multominus
348 3062 378 3115 in
402 3078 455 3116 usu
480 3063 599 3116 nominis
618 3063 690 3131 apud
709 3062 862 3131 Platonem,
888 3063 1036 3117 Isocratem
1054 3063 1175 3131 aliosque

128 3149 282 3218 scriptores.
319 3149 462 3205 Exstincta
482 3151 555 3204 enim
575 3151 675 3206 celebri
693 3150 811 3218 familia,
835 3151 996 3205 translatum
1016 3152 1057 3204 est
1077 3166 1176 3205 nomen

20 3283 22 3308 ,
128 3237 161 3290 ad
178 3236 293 3306 quosvis
310 3236 423 3292 Homeri
442 3241 576 3308 cantores,
595 3239 767 3307 interpretes,
788 3238 936 3306 studiosoS,
956 3238 997 3291 uti
1015 3255 1056 3306 ap.
1070 3238 1174 3292 helian.

20 3335 21 3352 ¹
128 3323 190 3378 Nat.
210 3323 301 3376 Anim.
320 3323 397 3393 XIV,
417 3324 458 3378 25.
478 3328 546 3378 extr.
583 3325 710 3380 Ceterum
732 3343 814 3394 quam
837 3328 942 3379 mature
965 3325 1032 3379 haec
1059 3343 1103 3379 res
1120 3327 1176 3380 tota
1265 3391 1267 3396 Ι

20 3429 22 3482 q
129 3411 272 3466 obscurata
305 3411 353 3480 sit,
385 3416 510 3466 veterum
541 3413 785 3468 Grammaticorum
817 3413 956 3468 dissensus
987 3413 1104 3467 ostendit
1133 3431 1174 3482 ap.

20 3495 22 3566 ζ
128 3497 257 3568 Harpocr.
278 3497 353 3553 Suid.
373 3502 400 3554 11
418 3499 507 3556 Schol.
526 3501 604 3555 Pind.
623 3502 651 3555 ll.
671 3519 709 3556 cc.

216 3585 261 3653 66)
281 3585 386 3641 Nicocl.
405 3605 446 3656 ap.
467 3587 555 3642 Schol.
570 3588 649 3642 Pind.
667 3589 685 3642 1.
701 3606 724 3642 c.
740 3591 767 3642 et
780 3590 878 3642 Athen.
897 3589 915 3642 l.
931 3607 952 3642 c.
989 3589 1176 3658 Exploratiora

130 3671 291 3726 haberemus
310 3674 343 3727 de
360 3674 412 3728 hac
427 3676 501 3730 omni
517 3692 559 3745 re,
579 3676 603 3730 si
617 3675 718 3745 scripta
730 3677 857 3746 Dionysii
874 3677 983 3746 Argivi,
1000 3676 1173 3747 Timomachi,

20 3801 22 3840 ἱ
130 3755 309 3828 Hippostrati,
324 3762 481 3832 Aristoolis,
494 3762 664 3818 Menaechmi
678 3764 860 3835 aliorumque,
874 3765 907 3818 ab
920 3764 977 3818 illis
992 3765 1097 3821 duobus
1115 3767 1174 3820 lau-

20 3847 22 3926 ὲ
133 3844 203 3916 data,
223 3851 405 3917 superessent.
