3048 4588
314 335 348 403 38
753 348 917 402 Prolegomena.

310 531 435 592 colorari
456 549 517 591 non
538 533 634 609 possit
653 531 829 592 ratiunculis
852 531 1030 609 quibusdam
1051 537 1084 592 ct
1104 531 1272 592 simulacris
1286 548 1354 607 pro-

309 635 488 711 babilitatis,
518 637 545 696 si
572 637 660 697 modo
688 641 858 713 temporum
882 637 1013 697 rationes
1035 642 1067 696 et
1087 641 1241 696 auctorum
1262 635 1354 694 fidem

310 741 348 800 ad
368 741 488 800 libitum
523 746 555 802 et
587 743 745 818 ingenium
778 747 864 801 tuum
886 743 993 818 fingas.
1038 741 1145 800 Mirum
1172 745 1224 811 oet,
1254 740 1355 820 inquit

310 845 441 921 Plinius,
462 865 514 922 quo
531 847 662 920 procedat
686 849 792 906 &rocoa
814 847 978 906 credulitas:
1008 847 1116 906 nullum
1137 849 1195 904 tom
1212 846 1355 920 impurioris
1474 859 1478 868 '

309 952 477 1010 mandacium
499 955 550 1024 rat,
571 951 643 1027 qaod
663 954 729 1010 tosto
751 955 851 1010 eareat.
1403 952 1406 957 “

749 1141 883 1226 riu.

396 1291 464 1352 Non
485 1292 584 1367 placet
605 1291 729 1353 historia
751 1293 805 1352 tali
828 1293 915 1352 modo
938 1293 1091 1353 ementita
1135 1293 1233 1368 Igitur
1254 1293 1354 1351 mitta-
1389 1278 1394 1284 ’

309 1414 377 1456 mus
398 1396 468 1455 falsi
488 1396 633 1456 Herodoti
654 1397 829 1473 Phemium‚
858 1397 979 1457 Diodori
1007 1402 1038 1457 ct
1064 1397 1190 1462 aliorum
1211 1397 1354 1472 Pronapi-

310 1501 385 1576 den,
399 1501 622 1561 commenticios
636 1500 760 1562 Homeri
774 1495 1172 1582 γραμματοδιδαωιάλους,
1189 1520 1258 1561 cum
1271 1501 1354 1561 ludis

266 1606 373 1670 50suis
395 1605 557 1683 librisque,
588 1613 619 1666 et
641 1625 676 1666 ea
700 1602 703 1688 Ι
728 1625 951 1684 expromamus,
975 1625 1051 1686 quae
1071 1625 1126 1666 nos
1148 1607 1298 1667 adducant
1322 1610 1355 1666 et

309 1729 401 1788 prope
424 1715 547 1788 cogant,
570 1717 615 1787 ut,
645 1713 763 1772 etiamsi
784 1712 902 1773 litterae
925 1716 995 1774 ante
1015 1712 1180 1772 Homerum
1207 1713 1239 1772 in
1261 1710 1354 1772 Grae-

309 1815 387 1874 ciam
407 1815 584 1891 importatae
615 1821 718 1877 essent
746 1835 863 1891 omnes,
893 1821 993 1878 tamen
1016 1817 1189 1877 facultatem
1211 1821 1242 1877 et
1263 1834 1355 1876 usum

308 1937 412 1980 earum
444 1938 541 1998 usque
572 1921 610 1980 ad
642 1920 729 1981 initia
762 1905 974 1998 Olympiadum
1009 1922 1072 1981 fere
1108 1921 1226 1980 nullum
1258 1904 1353 1980 fuisse

309 2024 475 2087 credamus.
519 2025 619 2086 Huius
644 2026 690 2086 rei
714 2044 804 2086 causa
830 2027 916 2087 nobis
944 2027 1129 2087 haerendum
1157 2045 1219 2086 non
1240 2026 1299 2086 crit
1320 2026 1355 2084 in

309 2130 433 2190 occultis
456 2129 626 2207 primordiis
657 2131 826 2190 inconditae
850 2132 939 2206 artis,
969 2149 1044 2209 quac
1072 2130 1193 2208 longam
1220 2131 1354 2206 disputa-

308 2234 421 2295 tionem
443 2242 586 2312 poscrmt,
616 2255 634 2295 a
655 2236 853 2311 Phoenicum,
883 2237 1114 2314 Aegyptiorum,
1140 2236 1353 2311 Hebraeorrun,

307 2338 483 2400 latinorum
503 2341 612 2402 litteris
629 2359 691 2401 non
714 2341 936 2418 seiungendum.
982 2341 1042 2403 Sed
1066 2360 1106 2401 cx
1128 2341 1210 2401 hisce
1233 2341 1353 2417 populis

308 2463 392 2521 eum,
415 2464 504 2523 quem
524 2447 621 2524 primo
642 2446 707 2506 loco
728 2447 896 2523 nominavi,
916 2431 991 2507 ¹rem
1012 2445 1062 2506 vei
1089 2446 1170 2522 apud
1192 2464 1224 2507 se
1246 2447 1353 2506 inven-

308 2555 370 2610 tam
390 2550 520 2626 vidisse,
543 2551 593 2611 vol
611 2551 654 2610 ita
675 2550 845 2612 excoluisse
861 2556 905 2611 ct
931 2551 969 2610 ad
991 2551 1065 2611 alios
1084 2551 1225 2628 populos,
1256 2551 1352 2610 nomi-

308 2657 403 2715 natim
423 2656 566 2730 Graecae,
599 2655 777 2733 pertulisse,
809 2660 844 2715 ut
874 2661 977 2717 auctor
1009 2656 1075 2716 eius
1105 2655 1166 2716 dici
1195 2660 1227 2716 et
1249 2656 1353 2715 haberi

308 2765 425 2838 posset,
446 2765 513 2820 tum
533 2761 692 2821 admodum
714 2764 854 2821 constans
883 2762 978 2835 fama,
1011 2765 1077 2820 tum
1098 2760 1165 2836 ipsa
1185 2762 1282 2838 figura
1302 2760 1353 2820 lit-

307 2872 439 2926 terarum
469 2851 650 2926 Graecarum
680 2865 782 2926 vincit.
827 2864 892 2939 Quo
919 2870 1052 2942 tempore
1085 2870 1185 2925 autem
1213 2865 1266 2925 illa
1294 2865 1353 2924 tria

307 2971 384 3030 facta
412 2971 487 3046 sint,
517 2971 753 3032 incertissimum
781 2975 833 3031 'est
861 2976 983 3052 propter
1011 2975 1072 3030 tam
1101 2971 1195 3031 multa
1223 2969 1353 3030 ludibria

306 3075 480 3136 fabularum.
525 3075 710 3137 Teneremus
738 3075 867 3153 aliquid,
895 3075 957 3136 nisi
984 3075 1096 3136 vetuisti
1122 3075 1170 3136 illi
1192 3075 1352 3153 scriptores

306 3181 491 3241 Phoenicum
522 3181 559 3240 ad
593 3181 733 3242 Phemios
766 3186 798 3242 et
832 3181 1016 3258 Pronapidas
1048 3180 1206 3257 ablegandi
1239 3186 1352 3255 essent,

306 3292 358 3346 aut
391 3286 418 3346 si
450 3285 512 3344 ullo
546 3291 666 3346 auctore
696 3291 859 3361 constaret,
892 3286 1009 3365 quando
1042 3285 1116 3346 haec
1144 3303 1220 3362 gens
1249 3290 1281 3344 et
1301 3285 1353 3346 cui

306 3408 408 3450 rerum
430 3389 536 3467 generi
558 3390 737 3467 scripturam
758 3390 899 3450 adhibere
928 3389 1067 3466 coeperit.
1112 3387 1227 3448 Verum
1247 3388 1352 3450 huius-

306 3496 386 3555 modi
409 3495 528 3554 nullum
549 3513 677 3573 usquam
707 3499 806 3556 exstat
827 3496 1005 3573 vestigium,
1034 3513 1069 3554 ac
1090 3512 1129 3553 ne
1151 3494 1186 3553 in
1207 3474 1351 3554 commer-

304 3717 395 3772 titulis
420 3719 448 3772 et
471 3717 627 3772 nominibus
655 3717 780 3785 afferant,
809 3734 877 3787 quae
895 3717 980 3771 iidem
1005 3715 1083 3784 alibi,
1110 3733 1303 3786 nonnunquam
1321 3717 1352 3771 in

305 3805 404 3860 iisdem
422 3804 544 3874 scriptis,
562 3805 594 3858 ut
611 3820 714 3859 errores
731 3803 809 3874 vulgi
829 3821 865 3859 ex
882 3803 1019 3859 industria
1037 3805 1162 3874 arguunt.
