2980 4576
541 334 704 387 Prolegomena.

541 512 713 578 XLVIII.

194 635 231 694 In
253 639 336 694 tanta
357 635 451 712 igitur
474 636 652 696 obscuritate
675 639 778 695 textus
793 631 963 692 Aristarcho
985 631 1151 709 antqmoris
1246 624 1248 634 '

111 739 193 799 valde
226 744 273 800 est
305 739 524 814 admirandum,
562 738 611 800 vel
643 738 795 799 tantillum
831 737 928 796 adhuc
958 735 1085 813 reperiri
1117 737 1150 794 in

111 839 250 920 Scholiis,
273 863 314 904 cx
335 863 393 922 quo
414 845 452 904 (15
474 845 636 904 virtutibus
659 848 689 904 et
710 843 792 903 vitiis
813 842 958 920 principis
973 840 1150 902 Oritioorum

109 949 238 1010 iudicare
253 945 464 1031 possimus30).
487 945 490 1032 l
515 951 551 1009 In
566 949 727 1009 virtutibus
750 949 816 1008 eius
836 949 932 1024 prima
952 947 1010 1006 fuit
1024 965 1150 1007 acumen
1159 955 1209 1010 245

109 1056 267 1124 eximium,
300 1073 359 1133 quo
389 1055 611 1132 grammaticam
641 1055 787 1114 rationem
822 1071 954 1127 omnem,
985 1053 1149 1112 doctrinam

108 1165 285 1220 accentuum
313 1165 344 1219 et
371 1161 518 1237 reliquam
539 1158 778 1236 orthographiam
806 1157 845 1216 ad
872 1157 956 1233 leges
985 1157 1149 1216 constantis

107 1265 259 1342 analogiae
294 1265 456 1326 constituit.
511 1263 595 1338 Quod
628 1265 715 1342 quale
748 1263 889 1322 meritum
921 1263 1026 1337 fuerit,
1058 1262 1149 1337 illam,

107 1390 196 1448 quam
226 1371 313 1430 modo
342 1371 420 1446 dixi,
451 1375 579 1430 aetatem
609 1371 729 1446 linguae
761 1373 791 1429 et
821 1367 1003 1428 Zenodoteos
1033 1385 1149 1428 errores

34 1523 37 1534 .
105 1476 283 1554 recogitanti
320 1467 485 1537 clarissime
524 1471 739 1554 apparebit31).
796 1472 876 1548 Quid
909 1473 1048 1551 quaeris?
1102 1473 1149 1532 Ab

193 1690 238 1756 30)
264 1690 363 1745 Deberi
387 1690 416 1743 id
439 1691 503 1758 puto
527 1688 645 1744 maxime
670 1689 801 1758 Dionysio
828 1689 937 1757 Thraci,
964 1687 1149 1744 amantissimo

14 1793 15 1826 3
104 1778 258 1834 Aristarchi
282 1777 427 1846 discipulo,
457 1777 642 1845 ParmeniscO,
668 1777 806 1846 Tryphoni
831 1780 857 1830 et
882 1777 944 1831 aliis
968 1777 1149 1831 Aristarcheis

14 1905 16 1918 2
98 1865 285 1935 >[Herodr'ano,
303 1863 445 1933 Nicanori,
464 1864 594 1935 Didymo,
612 1864 777 1932 Aristonico,
796 1865 867 1934 quod
879 1865 918 1919 ita
936 1879 996 1918 esse
1014 1864 1074 1918 luce
1094 1864 1149 1919 cla-

14 1937 16 2008 ῗ
102 1953 161 2008 rius
178 1953 263 2007 evicit
283 1950 438 2020 Lehrsius],
463 1953 510 2022 qui
527 1952 556 2006 in
573 1951 683 2020 scriptis
701 1952 759 2006 suis
783 1951 913 2007 lectiones
939 1954 966 2005 et
990 1950 1148 2020 interpreta-

101 2041 192 2096 tiones
215 2039 291 2094 illius
314 2042 485 2108 notaverant,
514 2040 586 2093 unde
614 2041 754 2109 congestae
778 2040 842 2093 sunt
866 2039 961 2092 deindo
985 2039 1015 2091 in
1039 2055 1150 2108 corpora

14 2187 15 2202 ἶ
101 2128 282 2184 Scholiorum.
312 2127 382 2181 Vide
400 2127 435 2182 ad
452 2134 475 2194 β.
494 2127 552 2181 111.
572 2126 655 2182 (latai.
676 2127 733 2182 169.
754 2126 789 2195 [β.
804 2126 875 2192 662]
895 2143 914 2178 1.
934 2126 985 2180 299
1014 2126 1058 2193 (cf.
1071 2126 1147 2182 rusa

100 2218 214 2286 pero.)
233 2223 260 2270 9.
273 2216 331 2269 513.
353 2236 371 2269 ι.
391 2215 450 2269 460.
470 2214 548 2284 [464]
571 2229 596 2266 o.
611 2214 669 2268 207.
701 2214 743 2267 1111
760 2215 821 2270 istis
840 2216 867 2268 et
885 2214 1020 2269 similibus
1039 2215 1148 2283 scriptis

14 2349 15 2352 ,
100 2320 296 2373 nonnunquam
315 2303 375 2373 ipsa
386 2303 468 2357 verba
480 2301 631 2356 Aristarchi
642 2301 732 2372 legere
744 2302 881 2356 videmur:
901 2304 932 2356 ut
943 2303 991 2356 ubi
1007 2304 1049 2356 est
1061 2305 1149 2371 φησὶν

14 2379 15 2382 ¹
101 2393 116 2443 ὁ
128 2387 319 2460 Ἀρίσταρχος,
339 2411 364 2446 α.
378 2390 437 2444 554.
457 2388 624 2458 [Dindorfius
636 2389 665 2442 in
678 2388 767 2444 Schol.
781 2390 811 2442 Β.
827 2392 899 2457 φασὶ
913 2406 961 2458 pro
974 2385 1150 2460 Ἀρίσταρχός

101 2478 205 2548 φησιν]
225 2485 249 2545 β.
269 2478 339 2532 2.·1.
358 2477 418 2532 ill.
437 2476 489 2545 [B.]
512 2497 535 2529 o.
555 2475 614 2530 385.
634 2475 684 2544 [B.]
706 2490 731 2529 σ.
752 2477 793 2530 77.
813 2495 836 2529 τ.
855 2475 897 2530 81.
918 2495 948 2546 φ.
966 2475 1025 2530 344.
1040 2496 1070 2546 χ.
1087 2476 1148 2532 440.

100 2577 131 2634 ψ.
149 2566 213 2620 523.
234 2564 294 2620 826.
319 2564 364 2618 vel
388 2568 570 2634 σεσημείωται
589 2559 654 2632 Ἀρ.,
680 2583 704 2616 α.
728 2563 787 2617 219.
826 2563 909 2618 (ialal.
935 2563 993 2617 344.
1020 2563 1148 2633 [11837]

99 2674 124 2708 ν.
145 2653 208 2707 237.
238 2673 260 2705 ο.
276 2651 318 2707 86.
356 2651 419 2720 Ipsa
443 2653 533 2705 autem
557 2667 638 2721 opera
663 2646 1149 2722 Α11511115111,Ὑπομνήματα[συγ-

97 2741 267 2814 γράμματαε
295 2740 328 2793 cf.
352 2757 378 2808 p.
397 2738 478 2807 llll,
503 2737 537 2790 τὰ
563 2738 632 2808 πρὸς
651 2740 781 2805 φιλητᾶν,
806 2738 840 2790 τὰ
860 2739 931 2812 πρὸς
947 2739 1090 2809 Kapauta,
1117 2739 1149 2792 τὸ

99 2829 168 2897 περὶ
185 2822 302 2886 Ἰλιάδος
319 2828 365 2878 καὶ
382 2821 555 2887 Ὀδυσσείας,
574 2825 740 2882 Scholiastae
752 2842 806 2880 non
818 2825 972 2880 habuerunt
983 2828 1043 2880 ante
1056 2825 1148 2881 oculos

98 2915 220 2983 integra,
245 2914 358 2968 fortasse
382 2929 416 2966 ne
440 2913 573 2982 integram
597 2913 706 2983 quidem
729 2912 909 2966 receaeioaem
933 2916 1033 2967 tectas.
1077 2914 1148 2966 Vide

100 3023 126 3056 α.
141 3000 332 3056 91423524.
351 3007 375 3068 β.
390 3000 448 3053 111.
463 2999 521 3054 125.
536 3001 595 3054 355.
610 3000 669 3054 397.
681 3000 741 3055 420.
754 3000 814 3053 423.
829 2998 907 3068 [BL]
928 3000 988 3054 435.
1017 3001 1073 3056 Cat.
1088 3000 1148 3054 305.

101 3089 138 3158 [β.
151 3086 223 3154 793]
244 3107 261 3140 1.
280 3087 340 3141 349.
358 3106 382 3142 κ.
401 3087 459 3141 397.
482 3089 504 3140 l.
523 3086 644 3141 40391.
665 3087 724 3141 373.
745 3086 800 3156 [B.]
820 3105 848 3140 ω.
868 3087 926 3142 110.
945 3090 996 3142 etc.
1032 3087 1064 3142 In
1081 3104 1147 3141 non-

98 3175 188 3230 nullis
200 3174 297 3229 horum
309 3174 429 3230 locorum
443 3174 525 3230 etiam
537 3177 635 3236 Λέξεις
646 3175 835 3229 Aristarcheae
848 3175 1008 3244 afferuntur,
1022 3177 1050 3228 et
1062 3174 1147 3229 multo

99 3264 197 3333 plures
217 3263 247 3315 in
260 3262 360 3316 Lexico
374 3261 521 3331 Apollonii,
536 3264 683 3331 excerptae
701 3278 794 3316 omnes
812 3278 847 3316 err
864 3261 919 3317 illis
937 3261 1016 3316 libris
1029 3261 1147 3316 5100111-

100 3349 246 3405 mentariis
264 3349 336 3417 eius,
362 3349 414 3403 etsi
440 3366 487 3419 per
510 3366 539 3404 se
557 3367 622 3404 voro
639 3367 693 3405 non
712 3352 754 3404 est
772 3349 907 3418 absimile,
932 3348 1066 3418 propriam
1085 3349 1147 3403 Ari·

101 3437 209 3493 starchi
232 3436 417 3492 collectionem
441 3437 524 3492 fuisse
549 3437 698 3506 glossarum
723 3436 937 3490 Homericarum.
974 3436 1047 3491 Ocni.
1072 3436 1146 3490 brev.

101 3525 196 3580 Schol.
219 3523 278 3593 [V.]
304 3525 338 3579 ad
357 3524 454 3594 Odysa
482 3545 506 3591 η.
527 3523 567 3577 24.
599 3527 619 3584 ξ.
643 3525 685 3578 29.
713 3543 736 3578 τ.
763 3524 822 3584 229.
864 3525 953 3594 Atym.
976 3524 1013 3578 Μ.
1038 3542 1063 3593 p.
1087 3524 1147 3594 509,

102 3613 139 3666 27
168 3614 241 3765 etgl)
261 3698 334 3753 Oonf.
354 3715 378 3768 p.
392 3699 450 3754 206.
464 3716 522 3769 sqq.
547 3699 618 3753 Nam
637 3715 752 3768 errores,
771 3715 839 3768 quos
856 3698 927 3753 notis
940 3698 978 3753 ibi
992 3696 1147 3768 perstrinxi,

102 3803 188 3856 prope
216 3802 308 3841 omnes
337 3789 513 3842 correctorem
541 3787 693 3842 habuerunt
719 3786 919 3856 Aristarchum,
951 3786 1002 3840 etsi
1033 3787 1058 3841 is
1087 3803 1148 3841 raro
