3048 4588
340 398 376 459 '8ss
781 403 943 455 Prolegomena.

342 586 456 645 nullius
472 585 601 646 nationis
616 586 738 664 ingenio
753 587 864 646 factum
884 592 943 661 est,
961 604 1018 645 nec
1040 586 1137 664 potuit
1157 587 1238 662 fieri,
1260 590 1295 646 ut
1309 569 1387 664 'quis

342 691 380 750 ad
401 691 492 751 talem
513 692 618 750 ludum
640 692 773 769 prodiret
805 691 870 751 sine
901 692 1129 768 spectatoribus,
1160 696 1211 750 aut
1230 691 1387 768 longitudo

342 796 409 856 eius
430 796 509 855 ultra
532 797 646 870 15‚000
669 814 776 856 versus
807 801 988 856 excurreret.
1032 795 1145 855 Eodem
1167 800 1253 874 pacto
1276 797 1303 855 si
1324 796 1387 855 Ho-

342 920 423 961 mero
451 902 578 961 lectores
601 900 739 976 deerant,
773 902 862 978 plane
896 919 956 959 non
978 919 1135 978 assequor,
1165 901 1236 978 quid
1264 901 1388 959 tandem

342 1026 410 1067 eum
433 1006 588 1084 impellere
614 1006 762 1084 potuisset
791 1006 824 1064 in
855 1005 1013 1065 consilium
1040 1010 1071 1064 et
1093 1005 1303 1082 cogitationem
1324 1010 1388 1064 tam

341 1113 498 1186 longorum
517 1116 548 1170 et
570 1111 712 1171 continuo
733 1111 864 1188 partium
886 1128 967 1171 nexu
990 1116 1193 1170 consertorum
1205 1110 1388 1170 Garminum.

343 1217 469 1292 Saepius
492 1216 598 1275 eadem
616 1221 734 1293 repeto:
765 1215 819 1275 sed
839 1215 1003 1274 identidem
1025 1214 1221 1292 repetendum
1244 1219 1289 1274 est
1310 1215 1389 1273 illud

284 1318 334 1372 113
340 1341 429 1396 possa,
453 1320 540 1381 cuius
556 1339 595 1379 ex
616 1321 682 1397 ipsa
696 1322 827 1380 humana
844 1316 847 1402 Ι
864 1326 971 1379 natura
988 1320 1035 1378 vis
1058 1324 1140 1379 tanta
1164 1325 1211 1379 est
1233 1323 1264 1379 et
1287 1321 1387 1378 firma-

342 1431 478 1487 mentum
498 1444 604 1486 causae
626 1429 758 1500 nostrae,
789 1431 837 1500 ut⁷
869 1425 928 1484 nisi
949 1424 1026 1483 illud
1047 1425 1183 1499 tollatur,
1208 1443 1296 1484 nemo
1317 1424 1388 1483 aliis

341 1519 580 1606 difficultatibus,
612 1530 721 1608 quibus
744 1549 779 1590 ea
800 1531 925 1590 fortasse
948 1531 1060 1589 laborat
1082 1529 1235 1607 plurimis,
1262 1529 1333 1605 angi
1356 1533 1389 1588 et

343 1635 497 1695 sollicitari
519 1635 626 1695 debeat
640 1630 691 1715 ⁸⁴).

282 1793 334 1847 114
779 1781 939 1846 XXVH.

429 1934 628 1994 Difficultates
661 1935 743 2010 illas,
777 1954 851 2013 quas
886 1936 1008 1996 mirifica
1042 1937 1136 1994 forma
1165 1940 1195 1994 et
1226 1933 1389 2010 descriptio

283 2038 333 2092 115
341 2040 447 2098 horum
459 2031 547 2098 ἐπῶν
565 2040 753 2118 partiumque
769 2039 926 2116 dispositio
941 2040 1055 2114 obiicit,
1069 2032 1072 2119 1
1086 2039 1259 2116 singulatim
1275 2057 1390 2115 expen-

347 2181 550 2188 ———.—.-—

429 2262 474 2328 84)
493 2261 567 2317 lacta
594 2264 636 2315 est
663 2261 736 2329 elea,
766 2262 800 2316 ad
827 2277 908 2330 quam
936 2263 1007 2315 certe
1031 2277 1084 2315 non
1107 2261 1256 2330 imparatus
1275 2263 1389 2317 accessi.

341 2350 506 2419 Superstites
525 2349 613 2404 adhuc
631 2350 708 2417 sunt,
729 2350 768 2415 (et
786 2348 891 2403 utinam
911 2349 958 2402 diu
975 2348 1054 2415 sinti)
1082 2350 1315 2419 memineruntque
1333 2350 1389 2404 for·

340 2440 414 2493 tasse
432 2438 484 2491 duo
502 2436 695 2491 litteratissimi
714 2435 784 2504 viri,
804 2436 869 2504 quid
885 2453 934 2506 ego
947 2437 1024 2490 annis
1039 2435 1109 2491 1780
1122 2439 1149 2490 et
1163 2436 1263 2503 1781*)
1282 2438 1315 2491 de
1335 2438 1390 2493 bae

340 2540 370 2578 re
388 2541 480 2579 secum
498 2525 525 2578 et
543 2523 712 2578 sermonibus
737 2526 764 2576 et
787 2523 886 2577 litteris
905 2523 1014 2593 egerim.
1050 2525 1093 2578 Ab
1120 2524 1167 2578 illo
1185 2524 1249 2578 inde
1267 2527 1390 2593 tempore

341 2613 376 2665 ad
393 2611 461 2666 alias
479 2627 558 2665 curas
578 2611 730 2680 digressae,
754 2627 815 2664 raro
835 2611 903 2664 mibi
921 2611 992 2664 inter
1011 2611 1112 2664 amicos
1130 2626 1228 2679 passus
1246 2627 1307 2664 sum
1326 2629 1389 2667 ver-

341 2698 406 2752 bum
433 2697 571 2767 excidere,
602 2714 655 2766 quo
683 2695 824 2751 silentium
853 2700 881 2750 et
908 2699 1041 2751 firmatam
1068 2698 1220 2765 opinionem
1247 2699 1389 2753 doctorum

341 2784 548 2853 interpellarem.
585 2785 675 2838 Etiam
699 2784 728 2836 in
752 2783 981 2852 praelectionibus
1005 2784 1073 2838 meis
1098 2785 1198 2838 multos
1222 2802 1306 2839 annos
1325 2786 1388 2840 irni-

341 2874 413 2926 tatus
433 2888 494 2925 sum
511 2871 671 2940 interpretes
691 2871 829 2925 doctrinae
849 2887 954 2939 sacrae,
974 2871 1021 2941 qui
1040 2872 1189 2926 edictorum
1207 2874 1283 2925 metu
1299 2874 1388 2926 territi

341 2976 394 3014 non
411 2960 441 3012 id
460 2952 568 3028 do'cent,
589 2960 661 3028 quod
679 2959 789 3012 sibimet
807 2958 875 3027 ipsis
894 2958 997 3026 placet,
1015 2959 1063 3012 sed
1082 2959 1153 3027 quod
1171 2959 1302 3014 ecclesiae
1323 2960 1388 3014 olim

341 3064 375 3101 ex
394 3049 512 3116 tempore
532 3046 699 3115 probandum
717 3045 916 3114 praescriptum
935 3047 988 3112 est3
1007 3061 1094 3114 neque
1113 3046 1220 3114 publice
1239 3047 1388 3117 quidquam

341 3135 373 3188 de
393 3133 606 3188 dubitationibus
624 3131 686 3187 istis
704 3133 820 3202 prodidi.
857 3131 976 3200 Reposui
1000 3134 1138 3201 praeterea
1159 3133 1275 3187 subinde
1293 3137 1321 3188 et
1340 3135 1387 3190 ab·

341 3221 426 3290 olavi,
450 3220 582 3289 quidquid
601 3219 710 3274 illarum
733 3219 802 3272 mihi
819 3221 991 3289 notaveram,
1015 3220 1040 3273 si
1057 3221 1124 3274 forte
1149 3220 1185 3274 iis
1203 3237 1238 3274 ex
1256 3223 1387 3277 memoria

341 3311 369 3361 et
386 3308 475 3362 animo
494 3307 594 3376 elapsis
618 3307 766 3361 succedens
790 3307 844 3361 1111
868 3310 988 3376 tempore
1006 3323 1077 3362 nova
1100 3307 1226 3378 cogitatio
1244 3309 1386 3378 scrupulos

340 3393 455 3448 tolleret.
492 3393 582 3448 Semel
601 3395 667 3448 adeo
682 3393 781 3463 puduit
800 3410 843 3447 me
868 3396 895 3448 et
917 3394 1023 3448 taeduit
1048 3395 1128 3462 plane
1144 3394 1205 3450 viae
1223 3396 1270 3449 vel
1287 3398 1386 3450 erroris

341 3481 407 3550 mei,
427 3481 497 3536 lecto
515 3481 630 3535 Perralti
649 3481 717 3534 libro
735 3481 768 3534 de
788 3481 935 3549 Camparat.
957 3484 1022 3534 vett.
1043 3483 1070 3535 et
1086 3483 1212 3550 recentt.,
1232 3482 1281 3535 ubi
1295 3482 1323 3536 Τ.
1335 3483 1385 3536 ΠΙ.

340 3586 366 3637 p.
381 3568 423 3622 35.
441 3569 471 3621 in
484 3567 711 3637 contemptionem
726 3567 898 3636 antiquitatis
910 3569 1006 3636 refert,
1019 3567 1123 3637 aliquid
1136 3568 1226 3622 simile
1240 3571 1386 3638 aquodam

339 3655 511 3723 popularium
535 3672 646 3710 suorum
672 3655 885 3710 commentatum
911 3671 970 3709 esse
996 3658 1024 3708 et
1045 3655 1189 3724 aliquando
1206 3656 1384 3725 proditurum.

436 3801 464 3856 [·)
476 3803 536 3845 Vide
549 3803 657 3846 Wolfiunr
671 3803 695 3846 in
708 3803 792 3857 Epistt.
806 3803 834 3845 ad
847 3802 962 3857 Heynium
976 3802 1033 3845 datis
1047 3815 1068 3856 p.
1082 3803 1128 3845 124.
1154 3802 1249 3846 ‘annis
1273 3805 1338 3848 1579
1358 3807 1386 3846 et

342 3874 419 3920 1780’
437 3873 596 3930 corrigentem]
