3048 4588
580 371 743 423 Prolegomona
1151 375 1185 430 69

142 549 322 624 breviorem,
346 555 411 625 aut,
439 555 473 610 ut
495 551 681 613 Roussavius
704 549 948 637 coniiciebat⁶⁴)‚
978 555 1099 615 omnino
1121 555 1187 614 nul-

141 654 200 713 lam
223 650 409 716 haberemus.

611 803 713 868 XXI.

227 940 309 1000 Haec
340 941 438 999 omnia
459 941 596 1018 colligata
628 943 707 1002 inter
737 961 782 1017 se,
814 948 845 1002 et
876 943 909 1002 in
936 961 995 1002 uno
1024 949 1188 1021 conspectu
1196 953 1228 1006 91

138 1045 249 1120 posita,
283 1063 358 1104 num
389 1046 519 1106 fortuita
543 1047 663 1106 silentia
698 1049 788 1106 sunt?
820 1065 859 1106 an
890 1048 933 1122 is,
967 1047 1019 1125 qui
1046 1048 1088 1107 ita
1109 1049 1187 1124 silet,

138 1149 292 1229 loquentis
315 1155 346 1210 et
367 1150 446 1210 clare
468 1151 608 1212 testantis
635 1170 793 1230 personam
815 1153 913 1228 gerit?
958 1151 1033 1212 Mihi
1055 1153 1186 1230 quidem,

138 1255 197 1315 etsi
219 1274 280 1314 non
304 1274 372 1315 sum
394 1255 485 1316 nimis
508 1257 664 1332 credulus,
691 1257 743 1316 illa
773 1276 827 1334 per
857 1275 890 1318 se
917 1258 1006 1334 plane
1027 1259 1186 1334 persuade-

138 1368 220 1436 rent,
250 1361 406 1437 vulgarem
438 1366 539 1422 autem
568 1363 740 1440 opinionem
773 1363 934 1422 defendere
963 1363 1187 1423 dementissima

137 1467 307 1543 pervicacia
329 1466 488 1526 uideretur.
533 1469 575 1526 At
603 1472 706 1541 erunt,
731 1469 852 1544 opinor,
880 1467 932 1545 qui
954 1467 1069 1542 dicant,
1098 1461 1186 1548 effilci
1195 1473 1229 1529 92

139 1571 264 1650 quidem
286 1590 325 1631 ex
346 1571 424 1645 illis,
457 1577 493 1630 ut
521 1572 637 1632 litterae
660 1573 710 1632 vel
739 1573 966 1633 obscurissimae
992 1572 1042 1632 vel
1064 1591 1186 1650 prorsus

136 1679 292 1752 ignoratae
317 1677 430 1736 fuerint
458 1677 594 1738 Troianis
620 1679 820 1756 temporibus,
856 1696 916 1737 non
946 1678 1021 1738 item
1047 1679 1187 1754 hoo‚'ut

137 1787 222 1840 vates
245 1781 362 1840 duobus
389 1786 457 1858 post
484 1782 612 1842 saeculis
641 1782 707 1860 ipse
743 1801 860 1862 quoque
889 1783 1062 1842 illitteratus
1085 1784 1184 1844 fuerit

18 1905 20 1926 l
136 1886 314 1945 Extremam
335 1885 414 1944 hanc
435 1886 577 1952 latebram
599 1887 626 1946 si
643 1889 794 1947 obstruere
810 1888 934 1962 vellem,
956 1905 1080 1948 necesse
1096 1887 1186 1948 habe-

136 2011 201 2051 rem
230 1991 352 2066 longam
380 1991 614 2069 disputationem
645 1993 763 2068 ingredi
791 1993 829 2051 de
857 1993 938 2051 omni
967 1993 1097 2067 ratione,
1127 2012 1187 2070 qua

136 2097 289 2156 Homerus
309 2096 342 2154 in
364 2097 565 2174 descriptione
593 2097 731 2156 heroicae
751 2096 831 2155 vitae
853 2097 966 2156 versari
989 2097 1071 2157 solet.
1117 2097 1186 2156 Non

137 2202 220 2261 enirn
243 2202 324 2279 apud
346 2201 432 2262 illum
454 2203 514 2262 nisi
536 2203 582 2262 bis
602 2208 686 2262 terve
707 2203 764 2262 hoc
794 2220 890 2278 genus
910 2203 1027 2279 reperio
1050 2202 1183 2263 eruditae

225 2423 272 2488 54)
291 2423 459 2494 Dignissima
477 2426 518 2476 est
543 2422 696 2477 acutissimi
717 2421 772 2476 viri
798 2421 942 2490 sententia,
968 2438 1037 2490 quae
1054 2423 1111 2476 tota
1129 2422 1184 2476 huo

18 2529 19 2534 ¹
136 2512 335 2568 transcribatur
348 2528 383 2565 ex
397 2510 534 2580 Opusonlo
553 2511 613 2564 eius
627 2525 677 2562 swr
695 2508 827 2577 l‘Oripina
838 2509 884 2562 das
899 2507 1042 2576 Lampetes,
1062 2508 1183 2564 Oeuvres

18 2585 20 2652 ῗ
135 2601 226 2669 posth.
247 2600 347 2654 Gener.
367 2599 429 2653 edit.
442 2597 517 2652 1782.
528 2599 555 2651 1.
565 2597 641 2652 XVI.
651 2615 677 2666 p.
688 2597 747 2651 240.
763 2597 831 2666 [cap.
840 2597 898 2665 VI.]
919 2639 931 2663 „
941 2596 1011 2662 Quoi
1022 2596 1103 2665 qu'on
1115 2612 1184 2650 nous

137 2688 197 2741 dise
216 2688 250 2740 de
269 2687 430 2742 l'invention
459 2688 492 2740 de
509 2686 657 2755 l’alphabet
676 2685 755 2754 Grec,
781 2687 810 2754 je
832 2685 860 2740 la
878 2684 948 2740 crois
966 2685 1106 2753 beaucoup
1122 2684 1184 2754 plus

137 2776 268 2829 moderna
287 2774 368 2843 qu’on
386 2792 419 2828 ne
438 2775 466 2830 la
482 2775 543 2842 fait,
564 2777 591 2827 et
606 2775 635 2844 J'o
654 2774 735 2828 fonde
747 2772 972 2843 principalement
988 2774 1058 2826 cetto
1075 2772 1184 2842 opinion

138 2879 187 2916 sur
205 2862 231 2915 16
251 2864 385 2916 caractere
409 2863 442 2916 do
467 2862 495 2916 la
511 2862 618 2931 langue.
654 2861 679 2916 Il
702 2861 783 2914 m’est
801 2877 875 2915 venu
901 2860 965 2915 bien
983 2863 1099 2914 souvent
1117 2861 1184 2914 dans

137 2949 244 3019 l'esprit
257 2950 290 3003 de
304 2950 400 3003 dontor
416 2948 646 3004 non-seulement
660 2948 824 3018 qu'Homere
839 2946 993 3017 suttune,
1012 2947 1082 3002 mais
1096 2947 1184 3001 meme

139 3036 222 3105 qu'on
243 3034 344 3090 eorivit
361 3037 394 3090 de
412 3053 461 3091 son
479 3038 574 3104 temps.
611 3035 665 3090 l'ai
684 3036 770 3105 grand
788 3037 878 3104 regnet
900 3051 952 3103 que
977 3051 1007 3089 oo
1032 3035 1113 3088 doute
1131 3034 1184 3088 soit

139 3124 165 3178 61
181 3123 380 3178 formellement
398 3123 517 3178 dementi
534 3140 584 3192 par
600 3123 734 3177 l'histoire
747 3123 779 3176 de
792 3121 972 3191 Bellerophon
985 3123 1052 3176 dans
1069 3121 1183 3176 l’lliade.

140 3210 251 3265 Comme
265 3211 314 3280 j'ai
332 3210 358 3264 le
375 3210 508 3278 melheim,
523 3211 598 3265 aussi
610 3211 676 3264 bien
689 3227 741 3278 que
759 3209 785 3263 le
797 3207 866 3263 Pero
883 3209 1030 3277 Hardouin,
1045 3207 1128 3262 d’etre
1146 3225 1184 3261 un

138 3313 193 3366 peu
224 3295 331 3352 obstine
359 3297 427 3352 dans
445 3314 504 3352 mes
522 3299 687 3366 paradoxas,
715 3297 746 3351 61·
764 3295 854 3367 J’etois
880 3297 968 3351 moine
995 3297 1131 3366 ignorant,
1156 3296 1166 3364 j

140 3386 226 3440 serois
245 3384 309 3438 bien
326 3385 400 3438 tonte
419 3384 555 3438 d'etendre
580 3400 638 3438 mes
667 3385 761 3439 dentes
790 3401 837 3438 sur
860 3386 930 3438 cette
954 3383 1069 3438 histoire
1087 3383 1183 3444 meme,

140 3475 168 3526 et
186 3473 219 3526 do
237 3471 370 3526 l’acouser
389 3471 492 3525 d'avoir
519 3471 575 3540 ete,
606 3487 669 3526 sans
690 3473 830 3541 beaucoup
857 3471 1010 3539 d’oxamen,
1038 3467 1184 3539 interpolee

140 3560 246 3629 parles
272 3559 464 3628 compilateurs
482 3559 633 3613 d’Homere.
670 3558 907 3614 Non-seulement
925 3559 991 3613 dans
1017 3557 1043 3610 le
1060 3560 1132 3611 resto
1151 3558 1184 3610 de

139 3647 246 3701 l'Iliade
263 3663 298 3701 on
315 3646 374 3700 voit
391 3662 445 3714 peu
463 3647 497 3699 de
513 3649 602 3700 traces
622 3646 654 3698 de
673 3649 716 3700 oet
732 3649 785 3715 art3
805 3648 849 3714 (ne
867 3645 986 3713 mireris,
1006 3645 1077 3713 quod
1091 3659 1185 3710 pauco

141 3734 258 3804 vestigia
276 3733 343 3788 dicit
361 3749 432 3802 esse,
452 3750 520 3802 quae
539 3732 619 3785 aazia
637 3735 713 3800 sunt3
737 3733 776 3788 ita
796 3733 955 3802 loquuntur,
981 3733 1028 3801 qui
1045 3749 1099 3786 non
1118 3732 1185 3786 certi

143 3825 206 3876 sunt
223 3821 373 3877 sententiae
393 3823 481 3888 suam)
500 3820 570 3875 mais
583 3820 652 3890 j’ose
665 3838 779 3876 avancer
794 3837 844 3890 que
862 3822 937 3875 toute
954 3819 1097 3889 l'Odyssee
1115 3820 1185 3875 n’est
