3048 4588
580 338 743 392 Prolegomena.
990 325 996 344 ‘
1152 345 1187 398 39

142 519 204 579 dari
217 515 269 602 8⁵),
293 523 361 599 quis
381 525 491 598 neget?
512 523 549 582 de
566 519 570 606 Ι
587 522 722 599 Odyssea
736 524 883 599 maxime,
903 524 990 585 cuius
1005 527 1189 588 admirabilis
1199 532 1250 586 118

142 643 260 686 summa
280 631 312 686 et
333 646 493 706 compages
521 647 575 705 pro
604 630 841 705 praeclanssimo
869 638 1063 692 monumento
1083 633 1190 694 Graeci

140 789 251 856 penitas
275 790 412 859 neglecta,
440 791 472 842 ut
489 806 506 843 a
525 789 634 844 Moneta
652 790 686 843 ad
703 789 851 846 Bailletum
869 792 897 846 Τ.
916 793 966 848 ΙΠ.
986 794 1016 848 Ρ.
1035 795 1056 848 Ι.
1075 812 1101 862 p.
1121 794 1189 862 277,

139 874 267 930 Hedelini
292 894 403 931 caecum
424 877 557 946 impetum
580 879 719 946 narrante,
744 879 777 932 ab
800 878 877 948 aliis,
900 883 931 934 ut
956 899 973 935 a
996 881 1116 950 Olarkio,
1141 882 1190 935 fri-
1286 867 1289 872 ¹

140 963 200 1032 gide
219 966 268 1017 aut
295 965 383 1019 tribus
402 965 494 1019 verbis
517 965 689 1033 transmissa,
717 966 845 1035 aPopiis
870 968 937 1022 adeo
962 969 1051 1024 derisa
1068 970 1189 1024 fortasse.

139 1053 175 1105 nt
191 1052 252 1120 ipse
270 1050 425 1121 BentleiuS,
449 1053 496 1122 qui
524 1053 658 1108 senectuti
684 1069 749 1107 suae
777 1054 903 1110 criticam
927 1057 1111 1111 recensionem
1133 1055 1190 1111 Ho-

139 1140 206 1193 meri
231 1142 400 1208 seposuerat,
426 1140 457 1193 in
472 1140 534 1208 illa,
559 1141 588 1194 id
612 1141 684 1210 quod
709 1158 743 1194 ex
768 1142 930 1211 quibusdam
956 1144 1065 1198 indiciis
1084 1143 1189 1215 colligo,

139 1227 203 1280 hnic
230 1228 272 1281 rei
304 1245 339 1281 ex
367 1227 502 1282 industria
534 1227 625 1282 lucem
658 1229 770 1282 daturus
802 1232 867 1284 erat.
913 1230 1080 1300 Quapropter
1109 1231 1189 1285 valde

138 1315 235 1382 miror,
264 1313 349 1379 nihil,
383 1315 454 1384 quod
489 1316 523 1368 ad
553 1315 623 1369 hanc
653 1317 838 1385 quaestionem
872 1319 987 1385 spectet,
1016 1317 1128 1386 reperiri
1159 1319 1189 1371 in

139 1402 242 1456 criticis
272 1402 350 1456 libris
377 1402 539 1473 Anglorum,
568 1403 616 1471 qui
646 1404 680 1456 de
712 1403 789 1456 illius
817 1403 944 1459 editionis
973 1405 1086 1458 consilio
1113 1422 1189 1459 men-

138 1491 241 1544 tionem
259 1490 371 1544 faciunt.
407 1491 551 1560 Digamma
568 1490 711 1544 Aeolicum
736 1507 800 1544 eum
817 1492 994 1546 reducturum
1011 1492 1111 1558 fuisse,
1134 1493 1189 1546 Da·

138 1578 239 1632 wesius
257 1579 285 1630 et
300 1577 348 1630 alii
366 1593 475 1646 operose
497 1578 599 1631 docent.
636 1576 711 1632 Haeo
729 1579 821 1631 autem
839 1580 957 1634 namatio
976 1580 1009 1633 de
1024 1579 1189 1648 digammate

137 1665 206 1717 mihi
225 1679 305 1732 saepe
326 1664 522 1719 dubitationem
539 1664 635 1718 iniecit
652 1664 726 1718 haud
744 1664 849 1733 levem,
869 1666 934 1736 quid
951 1665 1107 1720 Bentleium
1124 1683 1188 1721 con-

137 1752 231 1806 liciam
259 1752 293 1804 de
319 1751 480 1820 antiquitate
507 1752 657 1820 scripturae
680 1751 844 1806 Graecorum
873 1753 1006 1822 sensisse,
1032 1756 1059 1808 et
1090 1754 1189 1822 quibus

138 1839 243 1906 causis,
264 1839 288 1892 si
306 1838 453 1892 Homerum
466 1839 609 1906 scripsisse
621 1839 737 1908 putarit,
757 1840 827 1894 hano
842 1839 998 1894 Carminum
1012 1841 1071 1894 eius
1083 1840 1188 1909 epicam

137 1928 253 1981 formam
271 1928 346 1980 tanto
364 1926 540 1994 posteriorem
558 1943 657 1995 ponere
676 1929 804 1995 potuerit.
841 1927 932 1981 Velim
951 1929 984 1981 de
997 1928 1042 1982 his
1059 1929 1188 1983 certiores

136 2030 186 2068 uos
203 2013 306 2068 faciant
328 2014 362 2081 ii,
391 2014 439 2082 qui
465 2014 571 2068 aditum
596 2014 698 2068 habent
725 2016 759 2068 ad
788 2015 847 2070 eius
871 2015 1027 2069 adversaria
1054 2017 1082 2068 et
1110 2017 1188 2070 notas

136 2101 310 2169 Homericae,
333 2118 402 2170 quae
420 2101 449 2154 111
467 2118 564 2156 manus
584 2102 776 2157 Gumberlandi
795 2103 904 2156 venisse
930 2103 1057 2157 dicuutur
1074 2103 1104 2155 in
1121 2102 1185 2156 Bio-

137 2188 251 2258 graphia
275 2188 398 2243 Britann.
423 2189 486 2242 edit.
512 2205 565 2244 sec.
591 2189 651 2243 Vol.
670 2189 706 2243 H.
734 2208 759 2259 p.
780 2189 839 2243 244.
886 2189 964 2244 Nihil
989 2192 1042 2258 est,
1072 2190 1104 2243 de
1134 2207 1186 2258 quo

136 2277 228 2346 potius
240 2275 359 2329 Bentleii
376 2276 511 2330 iudicium
531 2293 660 2347 cognosse
674 2277 795 2346 cupiam:
816 2279 843 2331 et
857 2277 918 2347 quis
931 2293 985 2331 non
998 2277 1072 2330 idem
1085 2276 1186 2345 cupiat,

136 2365 184 2433 qui
201 2363 381 2417 Phalarideae
393 2364 591 2418 controversiae
608 2364 729 2418 iudicem
748 2365 838 2419 norit?
873 2364 906 2418 Id
918 2363 1039 2431 dubites,
1058 2381 1093 2418 an
1109 2363 1186 2417 illins

136 2451 321 2505 emendationi
338 2451 472 2505 Homerus
490 2453 597 2506 tanturn
616 2452 757 2506 debiturus
775 2453 885 2517 fuisset,
905 2454 1037 2520 quantum
1054 2451 1185 2505 Horatius

136 2539 217 2592 debet
235 2539 263 2591 et
281 2537 391 2592 Comici.

225 2625 426 2691 85)(10111111110
454 2625 553 2680 falsum
582 2628 638 2694 est,
667 2627 739 2695 quod
767 2628 874 2695 potitam
900 2626 930 2679 in
954 2625 1040 2680 lliade
1058 2626 1187 2680 universo

134 2713 208 2768 bello
227 2713 373 2766 artificiose
391 2730 473 2767 usum
491 2716 588 2782 putant
606 2714 641 2768 ad
659 2715 809 2768 ornandum
828 2717 855 2766 et
873 2713 1094 2782 amplificandum
1107 2730 1187 2784 argu-

134 2803 260 2854 mentum
278 2815 367 2854 suum.
403 2801 542 2870 Repetunt
554 2802 606 2855 hoc
620 2818 654 2854 ex
667 2804 734 2854 vett.
749 2800 952 2870 Grammaticis,
965 2801 994 2854 in
1008 2817 1047 2869 pr.
1060 2801 1117 2854 Eus
1147 2801 1185 2854 th.

132 2905 158 2957 p.
179 2889 218 2954 7.,
245 2888 293 2956 qui
316 2888 487 2957 ineptissima
511 2888 540 2941 in
559 2889 629 2942 banc
648 2889 810 2942 sententiam
828 2889 919 2956 affert,
940 2888 1076 2943 contraria
1094 2889 1184 2956 etiam,

17 2993 18 2996 ¹
85 2999 91 3007 ¹
133 2975 187 3030 etsi
205 2975 258 3028 hoc
276 2991 330 3028 non
348 2975 463 3044 capitale
482 2977 564 3043 duco,
583 2975 754 3030 Aristoteleis
774 2976 804 3028 111
821 2975 896 3030 Pob't.
916 2993 940 3029 c.
960 2976 1001 3030 23.
1038 2976 1126 3029 Im1no
1144 2975 1186 3028 illi

132 3062 234 3131 partim
261 3078 315 3116 non
337 3063 450 3116 obscure
473 3063 639 3132 significant,
667 3066 755 3118 toturn
778 3063 881 3117 bellum
906 3064 935 3116 iu
954 3062 1041 3117 Iliade
1061 3062 1185 3116 describi.

131 3152 157 3203 A
176 3150 280 3203 talibus
303 3149 440 3218 magistris
463 3167 517 3204 non
540 3152 676 3219 profectus
701 3153 828 3204 neutrum
851 3149 882 3203 111
900 3167 932 3206 ea
948 3150 1007 3204 fieri
1026 3151 1089 3204 data
1106 3166 1188 3219 opera

131 3237 277 3304 fatebitur,
295 3253 345 3290 neo
364 3237 445 3291 aliam
463 3239 549 3292 artem
567 3255 708 3307 apparere,
727 3238 782 3291 nisi
803 3254 875 3306 eam,
895 3255 976 3306 quarn
992 3237 1083 3305 plures
1099 3237 1186 3290 histo-

130 3324 184 3377 1101
204 3323 410 3392 quaesiverunt,
430 3325 477 3392 qui
495 3325 591 3378 breves
609 3327 701 3394 partes
718 3325 849 3379 historiae
863 3324 1045 3394 singularibus
1060 3324 1186 3392 operibus

132 3409 271 3479 complexi
290 3413 366 3478 sunt,
390 3409 436 3489 vel
457 3428 539 3479 quam
562 3412 655 3466 Cicero
680 3412 811 3479 Lucceio,
836 3414 942 3480 sperato
967 3427 1058 3465 rerum
1076 3427 1187 3465 suarum

131 3497 272 3566 scriptori,
292 3498 462 3551 commendat
476 3498 522 3566 [ad
534 3498 596 3552 Div.
610 3499 644 3567 V,
660 3498 701 3566 12,
716 3497 744 3566 3]
762 3496 948 3565 festinationis
962 3511 1059 3560 carna,
1079 3513 1185 3566 rogans,

131 3591 163 3638 nt
181 3601 201 3636 a
219 3582 420 3636 continentibus
437 3585 493 3637 tots
510 3583 632 3652 seriptis,
650 3586 683 3636 in
695 3585 794 3652 qatbas
808 3591 970 3652 perpetuom
986 3600 1079 3637 rorant
1095 3591 1185 3652 pesto-

132 3686 197 3722 ram
214 3669 360 3723 bisterton
378 3671 572 3737 cmrnkcteris,
599 3685 725 3724 1000111010
749 3671 821 3723 banc
843 3671 924 3738 qnasi
949 3671 1075 3738 fabulam
1092 3686 1187 3724 reram

132 3761 339 3824 enantcrnmgne
370 3762 537 3811 nostrornm.
590 3758 720 3827 Scriptcri
755 3759 840 3814 huius
871 3759 978 3829 generis
1008 3760 1074 3814 adeo
1106 3775 1186 3828 saepe

134 3861 248 3900 necesse
267 3846 323 3913 est,
341 3845 448 3898 finitum
467 3846 560 3899 orbem
581 3846 673 3916 egredi
692 3848 719 3899 et
736 3847 826 3914 priora
843 3846 973 3900 intexere.
