<?xml version="1.0" encoding="UTF-8"?>
<!DOCTYPE html PUBLIC "-//W3C//DTD XHTML 1.0 Transitional//EN"
    "http://www.w3.org/TR/xhtml1/DTD/xhtml1-transitional.dtd">
<html xmlns="http://www.w3.org/1999/xhtml" xml:lang="en" lang="en">
 <head>
  <title>
</title>
<meta http-equiv="Content-Type" content="text/html;charset=utf-8" />
  <meta name='ocr-system' content='tesseract 3.04.00' />
  <meta name='ocr-capabilities' content='ocr_page ocr_carea ocr_par ocr_line ocrx_word'/>
</head>
<body>
  <div class='ocr_page' id='page_1' title='image "./prolegomenaadho05wolfgoog/prolegomenaadho05wolfgoog_0039.png"; bbox 0 0 3048 4588; ppageno 0'>
   <div class='ocr_carea' id='block_1_1' title="bbox 594 352 1202 408">
    <p class='ocr_par' dir='ltr' id='par_1_1' title="bbox 594 352 1202 408">
     <span class='ocr_line' id='line_1_1' title="bbox 594 352 1202 408; baseline 0.003 -2"><span class='ocrx_word' id='word_1_1' title='bbox 594 352 758 406; x_wconf 66' lang='lat' dir='ltr'>Prolesomona</span> <span class='ocrx_word' id='word_1_2' title='bbox 1168 353 1202 408; x_wconf 84' lang='lat'>23</span> 
     </span>
    </p>
   </div>
   <div class='ocr_carea' id='block_1_2' title="bbox 152 532 1307 3233">
    <p class='ocr_par' dir='ltr' id='par_1_2' title="bbox 154 532 1293 1034">
     <span class='ocr_line' id='line_1_2' title="bbox 155 532 1204 611; baseline 0.002 -19"><span class='ocrx_word' id='word_1_3' title='bbox 155 532 329 607; x_wconf 79' lang='lat' dir='ltr'>exploratis</span> <span class='ocrx_word' id='word_1_4' title='bbox 350 549 440 608; x_wconf 82' lang='lat' dir='ltr'>usus,</span> <span class='ocrx_word' id='word_1_5' title='bbox 466 537 534 594; x_wconf 79' lang='lat' dir='ltr'>utra</span> <span class='ocrx_word' id='word_1_6' title='bbox 555 535 649 594; x_wconf 90' lang='lat' dir='ltr'>maior</span> <span class='ocrx_word' id='word_1_7' title='bbox 670 535 831 596; x_wconf 84' lang='lat' dir='ltr'>auotoritas</span> <span class='ocrx_word' id='word_1_8' title='bbox 854 534 909 611; x_wconf 88' lang='lat' dir='ltr'>sit,</span> <span class='ocrx_word' id='word_1_9' title='bbox 937 534 1021 594; x_wconf 90' lang='lat' dir='ltr'>illius</span> <span class='ocrx_word' id='word_1_10' title='bbox 1043 553 1082 594; x_wconf 90' lang='lat' dir='ltr'>an</span> <span class='ocrx_word' id='word_1_11' title='bbox 1100 532 1204 594; x_wconf 89' lang='lat' dir='ltr'>multis</span> 
     </span>
     <span class='ocr_line' id='line_1_3' title="bbox 155 637 1293 718; baseline 0.002 -21"><span class='ocrx_word' id='word_1_12' title='bbox 155 637 299 698; x_wconf 69' lang='lat' dir='ltr'>saeculisv</span> <span class='ocrx_word' id='word_1_13' title='bbox 321 639 517 715; x_wconf 78' lang='lat' dir='ltr'><strong>posteriorum</strong></span> <span class='ocrx_word' id='word_1_14' title='bbox 553 639 745 715; x_wconf 71' lang='lat' dir='ltr'>(triticorum,</span> <span class='ocrx_word' id='word_1_15' title='bbox 779 658 835 718; x_wconf 90' lang='lat' dir='ltr'>per</span> <span class='ocrx_word' id='word_1_16' title='bbox 866 658 899 702; x_wconf 91' lang='lat' dir='ltr'>se</span> <span class='ocrx_word' id='word_1_17' title='bbox 930 658 969 700; x_wconf 93' lang='lat' dir='ltr'>ne</span> <span class='ocrx_word' id='word_1_18' title='bbox 999 640 1204 718; x_wconf 86' lang='lat' dir='ltr'>quaerendum</span> <span class='ocrx_word' id='word_1_19' title='bbox 1290 671 1293 678; x_wconf 92' lang='lat'>·</span> 
     </span>
     <span class='ocr_line' id='line_1_4' title="bbox 155 742 1203 820; baseline 0.006 -20"><span class='ocrx_word' id='word_1_20' title='bbox 155 742 279 819; x_wconf 90' lang='lat' dir='ltr'>quidem</span> <span class='ocrx_word' id='word_1_21' title='bbox 311 744 361 804; x_wconf 84' lang='lat' dir='ltr'>vel</span> <span class='ocrx_word' id='word_1_22' title='bbox 393 744 590 804; x_wconf 87' lang='lat' dir='ltr'>dubitandum</span> <span class='ocrx_word' id='word_1_23' title='bbox 624 744 750 806; x_wconf 78' lang='lat' dir='ltr'>videtum.</span> <span class='ocrx_word' id='word_1_24' title='bbox 800 745 922 804; x_wconf 88' lang='lat' dir='ltr'>Utinam</span> <span class='ocrx_word' id='word_1_25' title='bbox 953 745 1040 804; x_wconf 91' lang='lat' dir='ltr'>modo</span> <span class='ocrx_word' id='word_1_26' title='bbox 1074 744 1203 820; x_wconf 87' lang='lat' dir='ltr'>singulis</span> 
     </span>
     <span class='ocr_line' id='line_1_5' title="bbox 154 847 1202 930; baseline 0.003 -24"><span class='ocrx_word' id='word_1_27' title='bbox 154 847 230 907; x_wconf 87' lang='lat' dir='ltr'>locis</span> <span class='ocrx_word' id='word_1_28' title='bbox 251 854 414 924; x_wconf 86' lang='lat' dir='ltr'>constaret,</span> <span class='ocrx_word' id='word_1_29' title='bbox 445 849 518 927; x_wconf 90' lang='lat' dir='ltr'>quid</span> <span class='ocrx_word' id='word_1_30' title='bbox 544 849 666 910; x_wconf 90' lang='lat' dir='ltr'>illorum</span> <span class='ocrx_word' id='word_1_31' title='bbox 697 850 825 930; x_wconf 90' lang='lat' dir='ltr'>quisque</span> <span class='ocrx_word' id='word_1_32' title='bbox 856 850 971 927; x_wconf 87' lang='lat' dir='ltr'>primus</span> <span class='ocrx_word' id='word_1_33' title='bbox 998 849 1149 910; x_wconf 78' lang='lat' dir='ltr'>invexerit</span> <span class='ocrx_word' id='word_1_34' title='bbox 1170 849 1202 909; x_wconf 90' lang='lat' dir='ltr'>iu</span> 
     </span>
     <span class='ocr_line' id='line_1_6' title="bbox 155 953 1017 1034; baseline 0 -22"><span class='ocrx_word' id='word_1_35' title='bbox 155 957 288 1027; x_wconf 85' lang='lat' dir='ltr'>textum,</span> <span class='ocrx_word' id='word_1_36' title='bbox 310 958 342 1013; x_wconf 93' lang='lat' dir='ltr'>et</span> <span class='ocrx_word' id='word_1_37' title='bbox 360 954 480 1031; x_wconf 83' lang='lat' dir='ltr'>qualem</span> <span class='ocrx_word' id='word_1_38' title='bbox 502 973 572 1014; x_wconf 93' lang='lat' dir='ltr'>eum</span> <span class='ocrx_word' id='word_1_39' title='bbox 594 955 744 1034; x_wconf 85' lang='lat' dir='ltr'>acceperit</span> <span class='ocrx_word' id='word_1_40' title='bbox 765 975 783 1015; x_wconf 90' lang='lat' dir='ltr'>a</span> <span class='ocrx_word' id='word_1_41' title='bbox 805 953 1017 1032; x_wconf 85' lang='lat' dir='ltr'>superioribus.</span> 
     </span>
    </p>

    <p class='ocr_par' dir='ltr' id='par_1_3' title="bbox 152 1057 1307 2709">
     <span class='ocr_line' id='line_1_7' title="bbox 243 1057 1203 1138; baseline 0.002 -22"><span class='ocrx_word' id='word_1_42' title='bbox 243 1057 401 1120; x_wconf 87' lang='lat' dir='ltr'>Pertinent</span> <span class='ocrx_word' id='word_1_43' title='bbox 422 1059 481 1120; x_wconf 89' lang='lat' dir='ltr'>huo</span> <span class='ocrx_word' id='word_1_44' title='bbox 503 1060 594 1120; x_wconf 87' lang='lat' dir='ltr'>etiam</span> <span class='ocrx_word' id='word_1_45' title='bbox 622 1059 731 1136; x_wconf 83' lang='lat' dir='ltr'>integri</span> <span class='ocrx_word' id='word_1_46' title='bbox 761 1059 883 1138; x_wconf 86' lang='lat' dir='ltr'>quidam</span> <span class='ocrx_word' id='word_1_47' title='bbox 902 1076 1025 1133; x_wconf 85' lang='lat' dir='ltr'>versus,</span> <span class='ocrx_word' id='word_1_48' title='bbox 1057 1077 1131 1136; x_wconf 92' lang='lat' dir='ltr'>quos</span> <span class='ocrx_word' id='word_1_49' title='bbox 1153 1059 1203 1118; x_wconf 88' lang='lat' dir='ltr'>vel</span> 
     </span>
     <span class='ocr_line' id='line_1_8' title="bbox 154 1164 1201 1243; baseline 0.002 -21"><span class='ocrx_word' id='word_1_50' title='bbox 154 1166 334 1239; x_wconf 87' lang='lat' dir='ltr'>optimorum</span> <span class='ocrx_word' id='word_1_51' title='bbox 358 1165 576 1242; x_wconf 83' lang='lat' dir='ltr'>exemplarium</span> <span class='ocrx_word' id='word_1_52' title='bbox 605 1164 785 1243; x_wconf 83' lang='lat' dir='ltr'>conspiratio</span> <span class='ocrx_word' id='word_1_53' title='bbox 807 1183 825 1224; x_wconf 87' lang='lat' dir='ltr'>a</span> <span class='ocrx_word' id='word_1_54' title='bbox 849 1164 1018 1240; x_wconf 76' lang='lat' dir='ltr'>suspicione</span> <span class='ocrx_word' id='word_1_55' title='bbox 1041 1164 1201 1240; x_wconf 85' lang='lat' dir='ltr'>interpola-</span> 
     </span>
     <span class='ocr_line' id='line_1_9' title="bbox 155 1267 1202 1347; baseline 0.004 -21"><span class='ocrx_word' id='word_1_56' title='bbox 155 1267 248 1326; x_wconf 89' lang='lat' dir='ltr'>tionis</span> <span class='ocrx_word' id='word_1_57' title='bbox 279 1286 340 1327; x_wconf 91' lang='lat' dir='ltr'>nou</span> <span class='ocrx_word' id='word_1_58' title='bbox 367 1269 517 1330; x_wconf 85' lang='lat' dir='ltr'>defendat</span> <span class='ocrx_word' id='word_1_59' title='bbox 562 1269 610 1330; x_wconf 83' lang='lat' dir='ltr'>Ex</span> <span class='ocrx_word' id='word_1_60' title='bbox 639 1269 695 1330; x_wconf 89' lang='lat' dir='ltr'>hoo</span> <span class='ocrx_word' id='word_1_61' title='bbox 722 1287 848 1330; x_wconf 89' lang='lat' dir='ltr'>numero</span> <span class='ocrx_word' id='word_1_62' title='bbox 869 1269 948 1330; x_wconf 84' lang='lat' dir='ltr'>intra</span> <span class='ocrx_word' id='word_1_63' title='bbox 968 1269 1087 1347; x_wconf 82' lang='lat' dir='ltr'>plures,</span> <span class='ocrx_word' id='word_1_64' title='bbox 1119 1285 1202 1330; x_wconf 90' lang='lat' dir='ltr'>nuuc</span> 
     </span>
     <span class='ocr_line' id='line_1_10' title="bbox 154 1374 1201 1451; baseline 0.004 -21"><span class='ocrx_word' id='word_1_65' title='bbox 154 1390 251 1431; x_wconf 91' lang='lat' dir='ltr'>unum</span> <span class='ocrx_word' id='word_1_66' title='bbox 273 1374 394 1434; x_wconf 83' lang='lat' dir='ltr'>afferam</span> <span class='ocrx_word' id='word_1_67' title='bbox 416 1375 547 1434; x_wconf 86' lang='lat' dir='ltr'>maxime</span> <span class='ocrx_word' id='word_1_68' title='bbox 569 1374 731 1435; x_wconf 77' lang='lat' dir='ltr'>notabilem</span> <span class='ocrx_word' id='word_1_69' title='bbox 753 1375 788 1434; x_wconf 89' lang='lat' dir='ltr'>Il.</span> <span class='ocrx_word' id='word_1_70' title='bbox 811 1393 837 1432; x_wconf 90' lang='grc' dir='ltr'>ν.</span> <span class='ocrx_word' id='word_1_71' title='bbox 861 1377 948 1448; x_wconf 81' lang='grc'><strong>731.,</strong></span> <span class='ocrx_word' id='word_1_72' title='bbox 976 1375 1029 1451; x_wconf 91' lang='lat' dir='ltr'>qui</span> <span class='ocrx_word' id='word_1_73' title='bbox 1050 1375 1084 1432; x_wconf 94' lang='lat' dir='ltr'>in</span> <span class='ocrx_word' id='word_1_74' title='bbox 1106 1375 1201 1444; x_wconf 56' lang='lat' dir='ltr'>omni,-</span> 
     </span>
     <span class='ocr_line' id='line_1_11' title="bbox 154 1478 1202 1557; baseline 0.003 -21"><span class='ocrx_word' id='word_1_75' title='bbox 154 1478 212 1538; x_wconf 92' lang='lat' dir='ltr'>bus</span> <span class='ocrx_word' id='word_1_76' title='bbox 242 1478 340 1538; x_wconf 90' lang='lat' dir='ltr'>adhuc</span> <span class='ocrx_word' id='word_1_77' title='bbox 367 1479 484 1541; x_wconf 87' lang='lat' dir='ltr'>collatis</span> <span class='ocrx_word' id='word_1_78' title='bbox 512 1480 595 1540; x_wconf 87' lang='lat' dir='ltr'>codd.</span> <span class='ocrx_word' id='word_1_79' title='bbox 618 1485 736 1556; x_wconf 88' lang='lat' dir='ltr'>praeter</span> <span class='ocrx_word' id='word_1_80' title='bbox 759 1479 885 1539; x_wconf 83' lang='lat' dir='ltr'>Vindob.</span> <span class='ocrx_word' id='word_1_81' title='bbox 910 1478 1031 1540; x_wconf 82' lang='lat' dir='ltr'>CXVH.</span> <span class='ocrx_word' id='word_1_82' title='bbox 1052 1485 1095 1554; x_wconf 88' lang='lat' dir='ltr'>et,</span> <span class='ocrx_word' id='word_1_83' title='bbox 1123 1479 1202 1557; x_wconf 89' lang='lat' dir='ltr'>quod</span> 
     </span>
     <span class='ocr_line' id='line_1_12' title="bbox 155 1579 1201 1664; baseline 0 -22"><span class='ocrx_word' id='word_1_84' title='bbox 155 1582 287 1642; x_wconf 84' lang='lat' dir='ltr'>maxime</span> <span class='ocrx_word' id='word_1_85' title='bbox 301 1583 423 1660; x_wconf 86' lang='lat' dir='ltr'>mirere,</span> <span class='ocrx_word' id='word_1_86' title='bbox 447 1585 480 1644; x_wconf 90' lang='lat' dir='ltr'>in</span> <span class='ocrx_word' id='word_1_87' title='bbox 503 1585 569 1660; x_wconf 90' lang='lat' dir='ltr'>ipso</span> <span class='ocrx_word' id='word_1_88' title='bbox 584 1584 701 1644; x_wconf 84' lang='lat' dir='ltr'>Veneto</span> <span class='ocrx_word' id='word_1_89' title='bbox 724 1585 847 1644; x_wconf 86' lang='lat' dir='ltr'>offertur</span> <span class='ocrx_word' id='word_1_90' title='bbox 869 1583 935 1643; x_wconf 88' lang='lat' dir='ltr'>sine</span> <span class='ocrx_word' id='word_1_91' title='bbox 951 1579 1078 1664; x_wconf 85' lang='lat' dir='ltr'>obelo*).</span> <span class='ocrx_word' id='word_1_92' title='bbox 1123 1583 1201 1642; x_wconf 85' lang='lat' dir='ltr'>Nam</span> 
     </span>
     <span class='ocr_line' id='line_1_13' title="bbox 155 1687 1200 1767; baseline 0 -19"><span class='ocrx_word' id='word_1_93' title='bbox 155 1688 350 1763; x_wconf 83' lang='lat' dir='ltr'>sententiam,</span> <span class='ocrx_word' id='word_1_94' title='bbox 381 1708 439 1767; x_wconf 89' lang='lat' dir='ltr'>qua</span> <span class='ocrx_word' id='word_1_95' title='bbox 462 1708 495 1750; x_wconf 89' lang='lat' dir='ltr'>se</span> <span class='ocrx_word' id='word_1_96' title='bbox 516 1689 694 1764; x_wconf 80' lang='lat' dir='ltr'>Polydamas</span> <span class='ocrx_word' id='word_1_97' title='bbox 717 1707 787 1749; x_wconf 90' lang='lat' dir='ltr'>oum</span> <span class='ocrx_word' id='word_1_98' title='bbox 808 1688 935 1750; x_wconf 83' lang='lat' dir='ltr'>Hectore</span> <span class='ocrx_word' id='word_1_99' title='bbox 958 1692 1121 1764; x_wconf 81' lang='lat' dir='ltr'>comparat,</span> <span class='ocrx_word' id='word_1_100' title='bbox 1143 1687 1200 1748; x_wconf 89' lang='lat' dir='ltr'>isto</span> 
     </span>
     <span class='ocr_line' id='line_1_14' title="bbox 154 1792 1200 1871; baseline 0.002 -21"><span class='ocrx_word' id='word_1_101' title='bbox 154 1810 246 1852; x_wconf 87' lang='lat' dir='ltr'>versu</span> <span class='ocrx_word' id='word_1_102' title='bbox 275 1793 398 1870; x_wconf 86' lang='lat' dir='ltr'>illepide</span> <span class='ocrx_word' id='word_1_103' title='bbox 431 1793 510 1853; x_wconf 81' lang='lat' dir='ltr'>ultra</span> <span class='ocrx_word' id='word_1_104' title='bbox 537 1795 722 1871; x_wconf 89' lang='lat' dir='ltr'>propositum</span> <span class='ocrx_word' id='word_1_105' title='bbox 752 1794 846 1869; x_wconf 86' lang='lat' dir='ltr'>trabi,</span> <span class='ocrx_word' id='word_1_106' title='bbox 880 1793 967 1853; x_wconf 81' lang='lat' dir='ltr'>facile</span> <span class='ocrx_word' id='word_1_107' title='bbox 995 1792 1115 1853; x_wconf 85' lang='lat' dir='ltr'>sentias.</span> <span class='ocrx_word' id='word_1_108' title='bbox 1161 1794 1200 1852; x_wconf 83' lang='lat' dir='ltr'>At</span> 
     </span>
     <span class='ocr_line' id='line_1_15' title="bbox 154 1897 1201 1976; baseline 0 -20"><span class='ocrx_word' id='word_1_109' title='bbox 154 1897 255 1972; x_wconf 88' lang='lat' dir='ltr'>paullo</span> <span class='ocrx_word' id='word_1_110' title='bbox 279 1898 417 1958; x_wconf 84' lang='lat' dir='ltr'>disertior</span> <span class='ocrx_word' id='word_1_111' title='bbox 445 1905 492 1959; x_wconf 91' lang='lat' dir='ltr'>est</span> <span class='ocrx_word' id='word_1_112' title='bbox 518 1916 733 1976; x_wconf 89' lang='lat' dir='ltr'>nonnunquam</span> <span class='ocrx_word' id='word_1_113' title='bbox 757 1898 906 1958; x_wconf 88' lang='lat' dir='ltr'>Homerus</span> <span class='ocrx_word' id='word_1_114' title='bbox 934 1915 1023 1975; x_wconf 90' lang='lat' dir='ltr'>quam</span> <span class='ocrx_word' id='word_1_115' title='bbox 1052 1897 1201 1957; x_wconf 88' lang='lat' dir='ltr'>sententia</span> 
     </span>
     <span class='ocr_line' id='line_1_16' title="bbox 154 2003 1199 2081; baseline 0 -19"><span class='ocrx_word' id='word_1_116' title='bbox 154 2003 303 2079; x_wconf 84' lang='lat' dir='ltr'>postulat,</span> <span class='ocrx_word' id='word_1_117' title='bbox 325 2022 423 2081; x_wconf 90' lang='lat' dir='ltr'>neque</span> <span class='ocrx_word' id='word_1_118' title='bbox 440 2004 493 2063; x_wconf 93' lang='lat' dir='ltr'>ille</span> <span class='ocrx_word' id='word_1_119' title='bbox 516 2022 554 2064; x_wconf 85' lang='lat' dir='ltr'>ex</span> <span class='ocrx_word' id='word_1_120' title='bbox 569 2004 688 2080; x_wconf 81' lang='lat' dir='ltr'>frigidis</span> <span class='ocrx_word' id='word_1_121' title='bbox 703 2003 816 2079; x_wconf 79' lang='lat' dir='ltr'>regulis</span> <span class='ocrx_word' id='word_1_122' title='bbox 836 2003 998 2080; x_wconf 79' lang='lat' dir='ltr'>castigatae</span> <span class='ocrx_word' id='word_1_123' title='bbox 1013 2003 1199 2080; x_wconf 82' lang='lat' dir='ltr'>eloquentiae</span> 
     </span>
     <span class='ocr_line' id='line_1_17' title="bbox 154 2106 1307 2191; baseline 0.001 -24"><span class='ocrx_word' id='word_1_124' title='bbox 154 2107 334 2167; x_wconf 85' lang='lat' dir='ltr'>iudicandus</span> <span class='ocrx_word' id='word_1_125' title='bbox 353 2114 409 2169; x_wconf 92' lang='lat' dir='ltr'>est.</span> <span class='ocrx_word' id='word_1_126' title='bbox 455 2108 535 2182; x_wconf 82' lang='lat' dir='ltr'>Quid</span> <span class='ocrx_word' id='word_1_127' title='bbox 557 2109 673 2168; x_wconf 86' lang='lat' dir='ltr'>multa?</span> <span class='ocrx_word' id='word_1_128' title='bbox 717 2108 847 2168; x_wconf 87' lang='lat' dir='ltr'>Versum</span> <span class='ocrx_word' id='word_1_129' title='bbox 861 2106 1037 2168; x_wconf 80' lang='lat' dir='ltr'>Eustathius</span> <span class='ocrx_word' id='word_1_130' title='bbox 1060 2125 1114 2168; x_wconf 87' lang='lat' dir='ltr'>suo</span> <span class='ocrx_word' id='word_1_131' title='bbox 1136 2108 1200 2168; x_wconf 91' lang='lat' dir='ltr'>loco</span> <span class='ocrx_word' id='word_1_132' title='bbox 1305 2187 1307 2191; x_wconf 18' lang='grc' dir='ltr'>ι</span> 
     </span>
     <span class='ocr_line' id='line_1_18' title="bbox 154 2207 1200 2291; baseline -0.002 -19"><span class='ocrx_word' id='word_1_133' title='bbox 154 2207 380 2291; x_wconf 80' lang='lat' dir='ltr'>praetermittit3</span> <span class='ocrx_word' id='word_1_134' title='bbox 409 2232 479 2273; x_wconf 89' lang='lat' dir='ltr'>mox</span> <span class='ocrx_word' id='word_1_135' title='bbox 502 2232 541 2273; x_wconf 88' lang='lat' dir='ltr'>ex</span> <span class='ocrx_word' id='word_1_136' title='bbox 563 2213 783 2274; x_wconf 84' lang='lat' dir='ltr'>commentariis</span> <span class='ocrx_word' id='word_1_137' title='bbox 805 2217 942 2273; x_wconf 84' lang='lat' dir='ltr'>veterum</span> <span class='ocrx_word' id='word_1_138' title='bbox 968 2218 1082 2287; x_wconf 82' lang='lat' dir='ltr'>narrat,</span> <span class='ocrx_word' id='word_1_139' title='bbox 1112 2212 1200 2272; x_wconf 86' lang='lat' dir='ltr'>fabri-</span> 
     </span>
     <span class='ocr_line' id='line_1_19' title="bbox 153 2317 1200 2394; baseline -0.002 -16"><span class='ocrx_word' id='word_1_140' title='bbox 153 2321 256 2378; x_wconf 87' lang='lat' dir='ltr'>catum</span> <span class='ocrx_word' id='word_1_141' title='bbox 277 2335 345 2378; x_wconf 87' lang='lat' dir='ltr'>esse</span> <span class='ocrx_word' id='word_1_142' title='bbox 368 2337 386 2377; x_wconf 90' lang='lat' dir='ltr'>a</span> <span class='ocrx_word' id='word_1_143' title='bbox 408 2318 556 2378; x_wconf 88' lang='lat' dir='ltr'>Zenodoto</span> <span class='ocrx_word' id='word_1_144' title='bbox 577 2317 706 2378; x_wconf 85' lang='lat' dir='ltr'>Mallote.</span> <span class='ocrx_word' id='word_1_145' title='bbox 752 2317 813 2378; x_wconf 81' lang='lat' dir='ltr'>Cur</span> <span class='ocrx_word' id='word_1_146' title='bbox 835 2336 906 2394; x_wconf 85' lang='lat' dir='ltr'>ergo</span> <span class='ocrx_word' id='word_1_147' title='bbox 918 2317 990 2378; x_wconf 90' lang='lat' dir='ltr'>huic</span> <span class='ocrx_word' id='word_1_148' title='bbox 1008 2318 1111 2377; x_wconf 85' lang='lat' dir='ltr'>versui</span> <span class='ocrx_word' id='word_1_149' title='bbox 1130 2317 1200 2394; x_wconf 89' lang='lat' dir='ltr'>plus</span> 
     </span>
     <span class='ocr_line' id='line_1_20' title="bbox 153 2422 1200 2501; baseline -0.002 -19"><span class='ocrx_word' id='word_1_150' title='bbox 153 2423 339 2483; x_wconf 82' lang='lat' dir='ltr'>auctoritatis</span> <span class='ocrx_word' id='word_1_151' title='bbox 354 2423 519 2484; x_wconf 86' lang='lat' dir='ltr'>tribuamus</span> <span class='ocrx_word' id='word_1_152' title='bbox 524 2469 535 2498; x_wconf 82' lang='lat'>„</span> <span class='ocrx_word' id='word_1_153' title='bbox 559 2441 648 2501; x_wconf 86' lang='lat' dir='ltr'>quam</span> <span class='ocrx_word' id='word_1_154' title='bbox 663 2423 710 2482; x_wconf 92' lang='lat' dir='ltr'>illi</span> <span class='ocrx_word' id='word_1_155' title='bbox 724 2422 906 2484; x_wconf 87' lang='lat' dir='ltr'>Dioscuridis</span> <span class='ocrx_word' id='word_1_156' title='bbox 921 2422 1088 2496; x_wconf 82' lang='lat' dir='ltr'>Isocratioi‚</span> <span class='ocrx_word' id='word_1_157' title='bbox 1111 2439 1200 2499; x_wconf 90' lang='lat' dir='ltr'>quem</span> 
     </span>
     <span class='ocr_line' id='line_1_21' title="bbox 152 2526 1199 2606; baseline 0 -20"><span class='ocrx_word' id='word_1_158' title='bbox 152 2528 327 2588; x_wconf 87' lang='lat' dir='ltr'>Athenaeus</span> <span class='ocrx_word' id='word_1_159' title='bbox 348 2527 371 2586; x_wconf 97' lang='grc' dir='ltr'>Ι.</span> <span class='ocrx_word' id='word_1_160' title='bbox 393 2547 422 2606; x_wconf 87' lang='lat' dir='ltr'>p.</span> <span class='ocrx_word' id='word_1_161' title='bbox 444 2533 494 2588; x_wconf 93' lang='grc'>11.</span> <span class='ocrx_word' id='word_1_162' title='bbox 517 2529 550 2586; x_wconf 89' lang='lat' dir='ltr'>A.</span> <span class='ocrx_word' id='word_1_163' title='bbox 574 2529 674 2602; x_wconf 84' lang='lat' dir='ltr'>affert,</span> <span class='ocrx_word' id='word_1_164' title='bbox 703 2532 771 2605; x_wconf 89' lang='lat' dir='ltr'>post</span> <span class='ocrx_word' id='word_1_165' title='bbox 793 2546 816 2586; x_wconf 90' lang='grc' dir='ltr'>ι.</span> <span class='ocrx_word' id='word_1_166' title='bbox 842 2529 930 2602; x_wconf 85' lang='grc'><strong>119.,</strong></span> <span class='ocrx_word' id='word_1_167' title='bbox 959 2526 1009 2587; x_wconf 90' lang='lat' dir='ltr'>vel</span> <span class='ocrx_word' id='word_1_168' title='bbox 1027 2527 1199 2604; x_wconf 90' lang='lat' dir='ltr'>ubieunque</span> 
     </span>
     <span class='ocr_line' id='line_1_22' title="bbox 153 2633 691 2709; baseline 0 -17"><span class='ocrx_word' id='word_1_169' title='bbox 153 2633 300 2708; x_wconf 72' lang='lat' dir='ltr'>assuens,</span> <span class='ocrx_word' id='word_1_170' title='bbox 323 2633 508 2694; x_wconf 87' lang='lat' dir='ltr'>incommodo</span> <span class='ocrx_word' id='word_1_171' title='bbox 528 2637 559 2692; x_wconf 96' lang='lat' dir='ltr'>et</span> <span class='ocrx_word' id='word_1_172' title='bbox 580 2633 691 2709; x_wconf 84' lang='lat' dir='ltr'>inepto,</span> 
     </span>
    </p>

    <p class='ocr_par' dir='ltr' id='par_1_4' title="bbox 153 2725 1296 3024">
     <span class='ocr_line' id='line_1_23' title="bbox 233 2725 1241 2819; baseline 0 -23"><span class='ocrx_word' id='word_1_173' title='bbox 233 2725 289 2796; x_wconf 86' lang='grc' dir='ltr'><strong><em>Ἢ</em></strong></span> <span class='ocrx_word' id='word_1_174' title='bbox 307 2726 382 2818; x_wconf 73' lang='grc' dir='ltr'><em>οἴνῳ</em></span> <span class='ocrx_word' id='word_1_175' title='bbox 404 2732 550 2815; x_wconf 74' lang='grc' dir='ltr'><em>μεθύων,</em></span> <span class='ocrx_word' id='word_1_176' title='bbox 574 2728 593 2819; x_wconf 71' lang='grc' dir='ltr'><strong><em>ἢ</em></strong></span> <span class='ocrx_word' id='word_1_177' title='bbox 614 2734 647 2814; x_wconf 88' lang='grc' dir='ltr'>μ’</span> <span class='ocrx_word' id='word_1_178' title='bbox 670 2725 819 2819; x_wconf 68' lang='grc' dir='ltr'><em>ἔβλαψαν</em></span> <span class='ocrx_word' id='word_1_179' title='bbox 841 2727 918 2796; x_wconf 73' lang='grc' dir='ltr'><em>θεοὶ</em></span> <span class='ocrx_word' id='word_1_180' title='bbox 938 2727 1061 2812; x_wconf 60' lang='lat' dir='ltr'>adrod—</span> <span class='ocrx_word' id='word_1_181' title='bbox 1208 2763 1241 2817; x_wconf 83' lang='lat'>31</span> 
     </span>
     <span class='ocr_line' id='line_1_24' title="bbox 154 2841 1296 2929; baseline -0.002 -25"><span class='ocrx_word' id='word_1_182' title='bbox 154 2850 207 2904; x_wconf 89' lang='lat' dir='ltr'>aut</span> <span class='ocrx_word' id='word_1_183' title='bbox 229 2843 357 2904; x_wconf 76' lang='lat' dir='ltr'>Cratetis</span> <span class='ocrx_word' id='word_1_184' title='bbox 378 2841 450 2904; x_wconf 80' lang='lat' dir='ltr'>hui&#39;o</span> <span class='ocrx_word' id='word_1_185' title='bbox 478 2843 559 2918; x_wconf 91' lang='lat' dir='ltr'>apud</span> <span class='ocrx_word' id='word_1_186' title='bbox 579 2843 774 2904; x_wconf 86' lang='lat' dir='ltr'>Plutarchum</span> <span class='ocrx_word' id='word_1_187' title='bbox 804 2842 842 2901; x_wconf 90' lang='lat' dir='ltr'>de</span> <span class='ocrx_word' id='word_1_188' title='bbox 864 2841 929 2902; x_wconf 80' lang='lat' dir='ltr'>Fac.</span> <span class='ocrx_word' id='word_1_189' title='bbox 953 2842 1073 2903; x_wconf 86' lang='lat' dir='ltr'>inorbo</span> <span class='ocrx_word' id='word_1_190' title='bbox 1095 2842 1198 2902; x_wconf 88' lang='lat' dir='ltr'>Lunae</span> <span class='ocrx_word' id='word_1_191' title='bbox 1294 2925 1296 2929; x_wconf 23' lang='grc' dir='ltr'>Ι</span> 
     </span>
     <span class='ocr_line' id='line_1_25' title="bbox 153 2942 729 3024; baseline -0.002 -17"><span class='ocrx_word' id='word_1_192' title='bbox 153 2965 183 3024; x_wconf 88' lang='lat' dir='ltr'>p.</span> <span class='ocrx_word' id='word_1_193' title='bbox 208 2950 280 3008; x_wconf 85' lang='grc'><strong>938.</strong></span> <span class='ocrx_word' id='word_1_194' title='bbox 296 2947 346 3022; x_wconf 86' lang='lat' dir='ltr'>D.‚</span> <span class='ocrx_word' id='word_1_195' title='bbox 368 2952 436 3023; x_wconf 83' lang='lat' dir='ltr'>post</span> <span class='ocrx_word' id='word_1_196' title='bbox 458 2942 484 3022; x_wconf 85' lang='grc' dir='ltr'>ξ.</span> <span class='ocrx_word' id='word_1_197' title='bbox 510 2949 582 3006; x_wconf 82' lang='grc'><strong>246.</strong></span> <span class='ocrx_word' id='word_1_198' title='bbox 605 2947 729 3020; x_wconf 86' lang='lat' dir='ltr'>adiecto,</span> 
     </span>
    </p>

    <p class='ocr_par' dir='ltr' id='par_1_5' title="bbox 153 3041 1106 3233">
     <span class='ocr_line' id='line_1_26' title="bbox 246 3041 1106 3134; baseline -0.001 -24"><span class='ocrx_word' id='word_1_199' title='bbox 246 3041 417 3132; x_wconf 81' lang='grc' dir='ltr'><em>Ἀνδράσιν</em></span> <span class='ocrx_word' id='word_1_200' title='bbox 438 3044 494 3134; x_wconf 74' lang='grc' dir='ltr'>ἠδὲ</span> <span class='ocrx_word' id='word_1_201' title='bbox 519 3049 621 3123; x_wconf 73' lang='grc' dir='ltr'><em>θεοῖς·</em></span> <span class='ocrx_word' id='word_1_202' title='bbox 638 3042 794 3134; x_wconf 78' lang='grc' dir='ltr'>πλείστην</span> <span class='ocrx_word' id='word_1_203' title='bbox 816 3043 874 3112; x_wconf 79' lang='grc' dir='ltr'>ἐπὶ</span> <span class='ocrx_word' id='word_1_204' title='bbox 897 3048 990 3132; x_wconf 76' lang='grc' dir='ltr'><em>γαῖαν</em></span> <span class='ocrx_word' id='word_1_205' title='bbox 1012 3045 1106 3133; x_wconf 80' lang='grc' dir='ltr'><em>ἵησιν,</em></span> 
     </span>
     <span class='ocr_line' id='line_1_27' title="bbox 153 3157 802 3233; baseline 0 -17"><span class='ocrx_word' id='word_1_206' title='bbox 153 3163 207 3217; x_wconf 92' lang='lat' dir='ltr'>aut</span> <span class='ocrx_word' id='word_1_207' title='bbox 230 3157 380 3218; x_wconf 88' lang='lat' dir='ltr'>similibus</span> <span class='ocrx_word' id='word_1_208' title='bbox 402 3159 482 3233; x_wconf 90' lang='lat' dir='ltr'>apud</span> <span class='ocrx_word' id='word_1_209' title='bbox 504 3157 578 3218; x_wconf 86' lang='lat' dir='ltr'>alios</span> <span class='ocrx_word' id='word_1_210' title='bbox 601 3157 802 3218; x_wconf 78' lang='lat' dir='ltr'>conservatis?</span> 
     </span>
    </p>
   </div>
   <div class='ocr_carea' id='block_1_3' title="bbox 651 3328 698 3396">
    <p class='ocr_par' dir='ltr' id='par_1_6' title="bbox 651 3328 698 3396">
     <span class='ocr_line' id='line_1_28' title="bbox 651 3328 698 3396; baseline 0.043 -2"><span class='ocrx_word' id='word_1_211' title='bbox 651 3328 698 3396; x_wconf 91' lang='lat' dir='ltr'>X.</span> 
     </span>
    </p>
   </div>
   <div class='ocr_carea' id='block_1_4' title="bbox 155 3466 1200 3650">
    <p class='ocr_par' dir='ltr' id='par_1_7' title="bbox 155 3466 1200 3650">
     <span class='ocr_line' id='line_1_29' title="bbox 242 3466 1200 3545; baseline 0.001 -20"><span class='ocrx_word' id='word_1_212' title='bbox 242 3466 331 3526; x_wconf 86' lang='lat' dir='ltr'>Haud</span> <span class='ocrx_word' id='word_1_213' title='bbox 354 3467 415 3526; x_wconf 88' lang='lat' dir='ltr'>seio</span> <span class='ocrx_word' id='word_1_214' title='bbox 448 3487 488 3526; x_wconf 90' lang='lat' dir='ltr'>an</span> <span class='ocrx_word' id='word_1_215' title='bbox 519 3468 568 3528; x_wconf 88' lang='lat' dir='ltr'>his</span> <span class='ocrx_word' id='word_1_216' title='bbox 601 3468 790 3545; x_wconf 84' lang='lat' dir='ltr'>vulgatarum</span> <span class='ocrx_word' id='word_1_217' title='bbox 821 3468 986 3528; x_wconf 89' lang='lat' dir='ltr'>lectionum</span> <span class='ocrx_word' id='word_1_218' title='bbox 1015 3471 1045 3526; x_wconf 90' lang='lat' dir='ltr'>et</span> <span class='ocrx_word' id='word_1_219' title='bbox 1067 3467 1200 3526; x_wconf 89' lang='lat' dir='ltr'>sordium</span> 
     </span>
     <span class='ocr_line' id='line_1_30' title="bbox 155 3572 1199 3650; baseline 0 -18"><span class='ocrx_word' id='word_1_220' title='bbox 155 3572 304 3648; x_wconf 85' lang='lat' dir='ltr'>exemplis</span> <span class='ocrx_word' id='word_1_221' title='bbox 326 3573 511 3650; x_wconf 90' lang='lat' dir='ltr'>aliquantum</span> <span class='ocrx_word' id='word_1_222' title='bbox 534 3574 571 3632; x_wconf 91' lang='lat' dir='ltr'>de</span> <span class='ocrx_word' id='word_1_223' title='bbox 593 3573 709 3650; x_wconf 81' lang='lat' dir='ltr'>vulgati</span> <span class='ocrx_word' id='word_1_224' title='bbox 730 3579 832 3634; x_wconf 84' lang='lat' dir='ltr'>textus</span> <span class='ocrx_word' id='word_1_225' title='bbox 850 3573 946 3650; x_wconf 80' lang='lat' dir='ltr'>gratia</span> <span class='ocrx_word' id='word_1_226' title='bbox 961 3573 1040 3649; x_wconf 87' lang='lat' dir='ltr'>apud</span> <span class='ocrx_word' id='word_1_227' title='bbox 1062 3572 1199 3632; x_wconf 86' lang='lat' dir='ltr'>homines</span> 
     </span>
    </p>
   </div>
   <div class='ocr_carea' id='block_1_5' title="bbox 156 3733 1200 3892">
    <p class='ocr_par' dir='ltr' id='par_1_8' title="bbox 156 3733 1200 3892">
     <span class='ocr_line' id='line_1_31' title="bbox 245 3733 1200 3805; baseline 0.001 -16"><span class='ocrx_word' id='word_1_228' title='bbox 245 3733 287 3803; x_wconf 85' lang='lat'>[*)</span> <span class='ocrx_word' id='word_1_229' title='bbox 306 3734 393 3788; x_wconf 82' lang='lat' dir='ltr'>Abest</span> <span class='ocrx_word' id='word_1_230' title='bbox 409 3735 456 3789; x_wconf 92' lang='lat' dir='ltr'>hio</span> <span class='ocrx_word' id='word_1_231' title='bbox 474 3751 572 3790; x_wconf 88' lang='lat' dir='ltr'>versus</span> <span class='ocrx_word' id='word_1_232' title='bbox 591 3752 608 3790; x_wconf 92' lang='lat' dir='ltr'>a</span> <span class='ocrx_word' id='word_1_233' title='bbox 625 3735 729 3790; x_wconf 87' lang='lat' dir='ltr'>Veneto</span> <span class='ocrx_word' id='word_1_234' title='bbox 756 3734 905 3804; x_wconf 87' lang='lat' dir='ltr'>multisque</span> <span class='ocrx_word' id='word_1_235' title='bbox 933 3734 995 3790; x_wconf 87' lang='lat' dir='ltr'>aliis</span> <span class='ocrx_word' id='word_1_236' title='bbox 1013 3735 1106 3805; x_wconf 82' lang='lat' dir='ltr'>oodd.;</span> <span class='ocrx_word' id='word_1_237' title='bbox 1133 3734 1200 3790; x_wconf 84' lang='lat' dir='ltr'>alibi</span> 
     </span>
     <span class='ocr_line' id='line_1_32' title="bbox 156 3821 845 3892; baseline 0.003 -18"><span class='ocrx_word' id='word_1_238' title='bbox 156 3821 186 3874; x_wconf 90' lang='lat' dir='ltr'>in</span> <span class='ocrx_word' id='word_1_239' title='bbox 203 3823 325 3892; x_wconf 84' lang='lat' dir='ltr'>margine</span> <span class='ocrx_word' id='word_1_240' title='bbox 342 3823 491 3878; x_wconf 87' lang='lat' dir='ltr'>recentiore</span> <span class='ocrx_word' id='word_1_241' title='bbox 509 3840 592 3879; x_wconf 89' lang='lat' dir='ltr'>manu</span> <span class='ocrx_word' id='word_1_242' title='bbox 610 3823 763 3892; x_wconf 86' lang='lat' dir='ltr'>adscriptus</span> <span class='ocrx_word' id='word_1_243' title='bbox 784 3821 845 3891; x_wconf 89' lang='lat' dir='ltr'>est]</span> 
     </span>
    </p>
   </div>
   <div class='ocr_carea' id='block_1_6' title="bbox 0 0 1528 4588">
    <p class='ocr_par' dir='ltr' id='par_1_9' title="bbox 0 0 1528 4588">
     <span class='ocr_line' id='line_1_33' title="bbox 0 0 1528 4588; baseline 0 1"><span class='ocrx_word' id='word_1_244' title='bbox 0 0 1528 4588; x_wconf 95' lang='lat' dir='ltr'> </span> 
     </span>
    </p>
   </div>
  </div>
 </body>
</html>
