3048 4588
788 547 855 613 VI.

386 667 445 728 Sed
472 686 659 745 nequaquam
686 687 735 728 me
765 670 902 745 poenitet
933 669 1024 728 huius
1053 668 1160 742 studii,
1190 667 1268 744 quod
1289 685 1344 744 per

297 773 374 831 hanc
406 773 590 832 occasionem
622 773 655 832 in
688 775 867 834 tractatione
905 778 1042 833 veterum
1078 771 1343 832 Grammaticorum

298 876 478 953 consumpsi.
522 877 618 936 Immo
640 882 758 936 tantum
780 897 815 938 eo
832 897 880 938 me
897 878 1033 937 adiutum
1049 877 1160 952 sentio,
1182 895 1245 936 non
1255 875 1343 935 modo

298 982 413 1042 adhoc
435 1000 522 1059 opus,
557 983 611 1042 sed
641 983 679 1041 ad
711 1001 830 1043 omnem
859 983 1032 1044 facultatem
1060 982 1182 1058 linguae
1205 981 1343 1056 Graecae,

298 1087 451 1146 neminem
472 1091 506 1146 ut
528 1087 653 1146 arbitrer
673 1087 708 1145 in
728 1088 791 1148 ullo
814 1087 925 1149 Graeco
953 1089 1096 1164 scriptore
1119 1073 1343 1163 edendo‘profi-

299 1209 366 1252 cere
387 1209 491 1267 posse,
526 1192 586 1251 nisi
616 1192 709 1251 simili
742 1211 833 1252 cursu
866 1193 1004 1252 lectionis
1036 1196 1196 1268 praecepta
1223 1192 1344 1250 illorum

299 1296 469 1373 collegerit,
498 1297 588 1356 etad
609 1297 736 1372 optimas
758 1299 890 1357 rationes
916 1297 1139 1358 examinaverit.
1184 1296 1289 1374 Neque
1311 1296 1344 1354 id

299 1402 458 1461 molestum
489 1401 643 1477 negotium
677 1407 723 1462 est
755 1403 797 1478 ei,
832 1403 884 1479 qui
916 1403 1055 1462 assiduus
1078 1407 1110 1462 et
1138 1402 1228 1462 alacri
1244 1403 1344 1460 animo

298 1507 421 1566 idoneas
454 1507 499 1566 rei
528 1506 615 1566 horas
647 1525 767 1584 carpere
802 1507 962 1567 consuerit.
1007 1507 1102 1566 Credo
1126 1525 1198 1566 saue
1226 1506 1344 1566 facilius

300 1630 381 1686 esee,
401 1610 667 1672 Grammaticorum
686 1612 829 1671 minutias
851 1611 1016 1687 ridentem,
1048 1611 1086 1670 de
1106 1611 1257 1670 Homerici
1280 1629 1344 1670 sae-

299 1717 361 1776 culi
392 1716 526 1776 barbarie
560 1720 591 1776 et
622 1717 741 1776 borrido
775 1717 839 1777 sive
866 1717 983 1776 erudito
1005 1717 1089 1776 cultu
1112 1717 1273 1792 sermonis,
1307 1716 1345 1776 de

298 1821 424 1881 tabidari
446 1821 571 1880 historia
598 1825 629 1881 et
657 1821 833 1899 insipientia
854 1821 1000 1897 mythice,
1030 1820 1081 1879 vel
1111 1821 1148 1880 de
1173 1821 1252 1897 epici
1275 1820 1344 1879 Oar-

299 1925 390 1984 minis
411 1925 574 1985 virtutibus
597 1945 635 1985 ex
657 1926 827 1986 Aristotelis
848 1926 977 1985 decretis
1000 1926 1175 2002 philosopho
1190 1925 1343 1985 molimine

276 2030 461 2108 disputare.
505 2030 623 2108 Nempe
645 2031 747 2090 taedet
768 2031 801 2089 in
820 2031 878 2090 ista
899 2031 1029 2090 lectione
1043 2030 1144 2090 doctos
1158 2030 1345 2089 indoctarum
1438 2057 1445 2066 s

300 2135 486 2213 quarundam
507 2139 538 2194 et
558 2136 742 2194 minutarum
764 2137 955 2212 argutiarum.
1000 2136 1041 2194 At
1055 2136 1186 2210 primum
1199 2135 1345 2194 modestia

300 2245 382 2300 vetat
402 2240 496 2299 ullam
517 2258 581 2300 rem
603 2245 807 2316 contemnere,
832 2242 1008 2318 priusquam
1033 2258 1098 2298 eam
1126 2241 1216 2317 probe
1238 2257 1344 2315 cogno-

299 2347 388 2404 veris.
432 2343 487 2418 Et,
509 2362 548 2403 ne
571 2344 681 2419 dicam,
704 2364 794 2422 quam
815 2345 910 2404 multa
931 2345 976 2403 illi
998 2345 1085 2404 nobis
1104 2345 1160 2404 soli
1174 2363 1213 2403 ex
1226 2349 1346 2404 vetusta

257 2450 443 2516 20memoria
465 2450 661 2525 servaverint,
691 2450 783 2510 iidem
805 2451 937 2527 argutuli
961 2469 1049 2528 saepe
1074 2443 1077 2530 l
1102 2450 1194 2509 etiam
1223 2467 1345 2509 sensum

300 2555 458 2614 verborum
480 2554 591 2630 optime
613 2555 794 2630 expediunt,
817 2555 928 2631 quippe
943 2573 1018 2633 quos
1033 2573 1107 2614 usus
1128 2554 1250 2630 linguae
1272 2572 1346 2612 non-

300 2660 373 2718 dum
394 2659 515 2737 penitus
537 2659 666 2718 annosus
688 2664 768 2718 tutos
797 2661 966 2734 praestabat
987 2679 1005 2719 a
1025 2660 1162 2736 pluribus
1189 2661 1345 2734 erroribus,

301 2782 376 2843 quos
409 2764 497 2822 hodie
532 2764 609 2823 male
643 2765 773 2840 tegimus
806 2783 900 2824 novae
933 2765 1188 2840 interpretationis
1221 2764 1345 2824 deliciis.

300 2871 338 2930 In
359 2871 488 2929 Homero
510 2886 597 2945 porro
620 2870 781 2946 singularis
810 2870 966 2930 oblectatio
995 2871 1140 2947 quaedam
1162 2875 1194 2929 et
1214 2870 1345 2946 dignitas

301 2975 384 3034 illius
412 2992 519 3050 operae
548 2974 663 3034 accedit
694 2993 733 3034 ex
766 2993 816 3050 eo,
850 2974 929 3052 quod
950 2975 1099 3034 variarum
1128 2975 1293 3034 lectionum
1315 2978 1347 3033 et

301 3099 449 3141 canonum
484 3080 701 3156 technicorum,
739 3099 813 3158 quos
848 3080 917 3139 libri
951 3080 1136 3158 grammatici
1169 3085 1201 3140 et
1228 3079 1346 3140 Scholia

301 3186 461 3263 praebent,
493 3185 711 3262 conquisitione
744 3190 775 3245 et
805 3203 932 3245 censura
965 3187 999 3244 in
1020 3189 1109 3244 vetus
1137 3189 1169 3244 et
1194 3185 1346 3262 plerisque

301 3289 433 3368 antiquis
456 3289 649 3366 scriptoribus
665 3289 818 3367 antiquius
840 3309 948 3349 aevum
968 3309 1003 3348 ac
1021 3290 1106 3366 quasi
1120 3290 1154 3347 in
1174 3290 1347 3349 societatem

301 3411 441 3454 vocamur
462 3394 701 3454 doctissimorum
721 3395 914 3469 Criticorum,
935 3413 1062 3472 quorum
1084 3395 1194 3453 iudicia
1217 3399 1248 3453 et
1263 3411 1346 3470 prae-

302 3499 470 3576 ceptiones,
500 3500 609 3577 quibus
638 3500 710 3559 olim
740 3500 904 3574 Ciceronis,
933 3499 1071 3576 Virgilii,
1101 3499 1221 3558 Horatii
1247 3499 1346 3558 adole·

302 3605 416 3664 scentia
437 3605 570 3664 alebatur
582 3598 625 3686 l),
654 3606 790 3682 quamvis
812 3605 851 3664 de
874 3605 1001 3678 Graeca,
1022 3604 1055 3662 id
1077 3609 1124 3664 est
1150 3604 1246 3680 patria
1267 3604 1347 3680 ipso-

391 3828 417 3898 1)
436 3828 499 3884 Non
516 3827 658 3883 ambitiose
675 3829 727 3883 hoc
745 3829 813 3898 dici,
837 3828 929 3898 plures
947 3825 1001 3880 loci
1019 3825 1169 3895 Ciceronis,
1188 3825 1303 3881 Senecae
1320 3829 1348 3882 et
