2980 4576
563 313 726 366 Pmlagomena.
1137 315 1172 367 93

131 491 186 552 Sed
207 493 322 554 nullius
347 513 427 555 error
451 491 454 578 Ι
478 499 540 556 tam
558 497 667 572 longus
700 501 820 574 tamque
849 496 1007 556 disiunctis
1036 496 1069 554 in
1098 496 1233 554 11111122

130 597 225 658 fuerat
247 617 337 676 quam
359 599 491 675 Ulyssis,
524 601 639 660 nullius
664 606 725 660 tam
755 600 906 659 mirabiles
936 605 1016 658 terra
1037 599 1172 676 marique

131 721 215 762 casus
238 708 270 763 et
286 704 416 763 ludibria
433 705 569 765 fortunae
592 706 670 764 fama
692 705 911 781 divulgaverat,
943 708 978 762 ut
997 705 1063 762 iure
1085 705 1174 764 liceat

131 809 291 884 suspicari,
321 814 434 870 tantam
462 811 577 888 copiam
600 811 692 871 huius
715 810 837 887 generis
860 809 1033 869 Carminum
1056 809 1093 868 de
1115 809 1173 867 alio

131 914 211 972 nullo
234 916 422 990 suppetiisse.
467 917 531 975 Iam
559 921 591 975 et
617 916 667 975 hic
695 921 726 975 et
755 916 788 974 in
818 915 912 974 Iliade
933 932 968 974 eo
991 914 1053 973 fere
1076 913 1173 972 omnis

130 1019 206 1078 redit
228 1019 385 1095 dubitati0,
408 1040 460 1095 an,
483 1022 509 1080 si
532 1039 571 1081 ex
593 1026 654 1080 toto
677 1025 804 1097 quatuor
824 1019 874 1079 vel
896 1019 1028 1097 quinque
1043 1018 1172 1077 maiores

130 1124 303 1200 rhapsodias
316 1125 517 1203 excerpseris,
540 1143 779 1203 unamquamque
794 1125 887 1184 trium
901 1124 1070 1201 pluriumve
1085 1123 1174 1183 libro·

131 1249 211 1305 mm,
243 1230 277 1289 in
309 1231 347 1289 iis
377 1249 513 1291 seorsum
545 1231 651 1308 positis
685 1231 751 1290 eius
785 1247 933 1304 summae,
969 1247 1059 1306 quam
1093 1248 1174 1288 nunc

132 1353 234 1395 omnes
256 1336 452 1412 adrniramm,
473 1336 602 1413 vestigia
615 1338 666 1396 vel
680 1337 885 1395 tantummodo
907 1335 1029 1394 vincula
1048 1353 1174 1410 magnae

132 1441 284 1518 compagis
307 1441 446 1516 primitus
459 1441 643 1518 ‘designatae
665 1441 881 1518 deprehendas.
927 1440 994 1500 Scio
1014 1458 1103 1516 quam
1118 1439 1175 1498 dif-

131 1547 208 1605 ficile
232 1547 284 1620 sit,
307 1547 499 1606 Aristotelem
522 1551 553 1606 et
575 1550 690 1606 ceteros
716 1546 876 1622 scriptores
897 1546 1007 1604 artium
1030 1545 1176 1619 oblivisci,

132 1652 183 1727 qui
205 1651 300 1710 multo
323 1657 405 1728 post,
435 1671 525 1729 quam
545 1657 645 1730 partes
667 1652 724 1710 hae
746 1651 872 1710 firmiter
895 1651 1081 1726 coaluerant,
1104 1649 1175 1708 inde

131 1759 290 1832 praecepta
313 1774 366 1815 sua
388 1757 555 1816 duxeramt:
578 1762 609 1816 at
631 1757 737 1834 quidni
757 1756 922 1816 iucundum
944 1755 997 1830 sit,
1028 1754 1124 1815 semel
1147 1759 1177 1813 11

131 1860 242 1920 iterum
264 1879 303 1920 ex
325 1861 445 1920 illarum
467 1862 717 1937 contemplatione
737 1860 964 1938 antiquissimae
986 1861 1087 1935 poesis
1111 1878 1176 1936 spe-

131 1967 231 2026 cimen
266 1969 389 2043 capere?
422 1985 512 2045 quam
544 1969 624 2027 inter
658 1985 761 2027 onmes
789 1967 930 2026 convenit
952 1966 991 2024 ad
1012 1965 1176 2025 Homerum

131 2087 229 2147 usque
252 2071 370 2129 nnllmn
385 2072 512 2148 longius
541 2076 572 2131 et
600 2073 691 2131 huius
722 2073 834 2131 formae
856 2089 932 2147 opus
954 2065 1175 2151 protulisse89).

131 2173 207 2233 Mihi
242 2176 379 2253 quidem,
418 2176 525 2253 fateor,
567 2176 684 2254 quoties
716 2177 750 2235 in
782 2175 859 2235 illud
891 2176 1025 2252 priscum
1060 2193 1175 2249 aevum,

131 2285 279 2358 quantum
300 2300 440 2359 possum,
463 2283 562 2342 animo
577 2283 680 2357 redsa,
705 2282 830 2341 minime
845 2281 1005 2358 displicent
1017 2279 1074 2340 isto
1089 2281 1176 2339 modo

131 2388 211 2446 lecta
241 2387 314 2446 haec
336 2386 486 2462 Carmina,
520 2405 619 2465 neque
651 2388 685 2445 in
714 2386 955 2463 ingeniosissimo
989 2386 1176 2445 adolescente

132 2492 262 2551 senilem
289 2492 467 2569 sapientiam
494 2493 640 2552 desidero.
687 2485 871 2572 Quanlquam
893 2510 953 2550 non
975 2495 1037 2550 tam
1059 2491 1176 2566 sapien·
1186 2500 1236 2554 123

130 2598 206 2656 tiam
228 2601 260 2655 11
281 2598 494 2674 praestantiam
516 2599 602 2672 artis,
633 2615 722 2675 qnam
744 2601 843 2656 tantae
872 2602 904 2656 11
925 2600 986 2655 tam
1008 2596 1090 2656 varie
1113 2597 1177 2672 epi·
1249 2631 1250 2634 =

131 2809 245 2874 dantur,
264 2809 320 2861 fere
338 2809 403 2862 sunt
419 2807 595 2876 recentiores,
614 2808 641 2860 et
659 2806 692 2860 ab
710 2805 767 2859 illis
785 2804 897 2859 Homeri
916 2805 1074 2874 aequalibus
1092 2808 1177 2860 mate-

129 2897 202 2951 riam
220 2911 298 2950 suam
315 2896 455 2964 petierant.

221 2982 268 3050 89)
286 2983 327 3038 De
345 2981 490 3037 Aristotele
510 2981 576 3051 quid
594 2983 721 3048 audeam,
739 2980 827 3036 video.
865 2979 918 3034 Sed
935 2981 964 3033 in
982 2983 1075 3035 eadem
1093 2997 1177 3050 paene

129 3071 241 3126 haeresi
260 3087 335 3140 sum,
363 3087 445 3140 quam
472 3085 559 3138 nuper
585 3071 720 3138 professus
749 3071 791 3122 111
815 3071 908 3122 auctor
931 3067 1062 3138 elegantis
1078 3069 1176 3122 libelli:

129 3157 306 3224 Parallelea,
325 3176 349 3226 p.
369 3158 411 3211 14.
426 3174 483 3226 sqq.
519 3157 624 3210 Deinde
643 3158 713 3226 quod
732 3156 876 3210 convenire
895 3155 953 3208 dixi
972 3158 1004 3210 de
1022 3157 1097 3224 poesi
1115 3159 1177 3210 ante

129 3246 296 3315 Homerum,
321 3246 350 3298 id
374 3261 428 3300 non
452 3244 509 3299 sola
533 3246 687 3299 coniectura
709 3243 818 3313 nititur,
843 3243 892 3297 sed
914 3243 1036 3311 ipsorum
1054 3246 1178 3298 veterum

130 3334 307 3397 auctoritate,
335 3333 383 3402 qui
409 3333 519 3386 illorum
546 3333 713 3386 canticorum
740 3333 899 3401 argumenta
925 3333 952 3384 et
980 3331 1090 3385 nomina
1111 3332 1177 3386 satis

129 3423 221 3476 multa
238 3423 385 3490 proferunt.
421 3421 454 3474 In
480 3419 567 3474 oculis
594 3423 646 3480 est,
676 3422 782 3488 praeter
799 3419 936 3473 Velleium
963 3419 991 3471 et
1014 3420 1054 3472 tot
1075 3418 1178 3472 similes

130 3509 299 3578 laudatores,
320 3507 478 3563 Aristoteles
496 3525 518 3562 c.
534 3507 588 3573 24,
608 3508 656 3576 qui
674 3507 777 3576 aliquot
790 3506 938 3561 virtutibus
957 3506 1028 3575 epici
1046 3506 1178 3575 poematis

131 3597 300 3652 enumeratis
319 3595 443 3665 apponit:
470 3587 513 3654 οἷς
536 3596 626 3648 πᾶσιν
643 3589 763 3665 Ὅμηρος
787 3597 916 3664 κέχρηται
941 3595 988 3646 καὶ
1007 3595 1115 3663 πρῶτος
1133 3595 1179 3646 καὶ

132 3689 242 3746 ἱκανῶς.
278 3685 321 3738 lta
338 3683 475 3752 plerisque
493 3681 540 3736 ille
563 3683 604 3736 est
619 3683 654 3736 'et
673 3681 782 3748 primus
805 3684 833 3735 et
851 3679 976 3733 omnihus
994 3680 1114 3733 11111111
1133 3681 1178 3734 ab·

132 3775 250 3829 1111111.
