2980 4576
580 360 744 413 Prolegomsna
1130 362 1179 416 147

136 543 284 603 laboriosa
305 544 414 604 messis
435 544 572 604 obiicitur
592 543 819 620 litteratoribus,
842 563 918 623 quas
936 546 1068 607 laborem
1081 550 1183 606 tamen

138 647 314 725 saepissime
336 649 503 709 frustratur.
537 647 615 709 Nam
636 653 671 708 ut
693 649 792 709 omnia
813 650 1024 712 minutissimis
1045 651 1183 738 restigiis

137 753 291 830 indagaris
310 757 341 814 et
362 753 533 814 excusseris
556 772 625 813 oum
646 753 828 831 pulvisou10,
850 754 902 814 vix
918 757 1072 816 obscuram
1089 775 1182 834 quan-

137 858 211 917 dam
237 858 506 933 adumbrationem,
534 876 595 919 non
624 877 797 936 expressam
825 859 988 937 imaginem
1016 878 1182 937 proponere

138 962 244 1022 licebit
265 963 330 1022 eius
353 963 516 1037 doctrinae,
538 981 614 1040 quae
636 963 831 1024 bibliothecas
854 964 1032 1025 Oriticorum
1047 964 1184 1024 Homeri·

138 1087 243 1128 corum
272 1067 448 1145 impleverat
476 1069 660 1144 temporibus
680 1069 813 1147 Apionis.
860 1069 920 1130 Sed
941 1070 1027 1130 nobis
1054 1075 1184 1130 nonest

138 1174 272 1248 animus,
293 1173 413 1232 illarum
434 1191 544 1234 vacuos
566 1173 677 1232 forulos
700 1174 856 1235 ostendere
872 1175 1001 1251 singulis
1019 1175 1183 1252 deperditis

139 1279 280 1356 operibus
301 1278 538 1353 dinumerandis,
561 1283 613 1338 aut
633 1279 800 1356 impensius
814 1282 956 1358 conqueri
973 1281 1107 1358 iniquam
1123 1299 1183 1340 sor·

138 1388 216 1458 tem,
247 1401 302 1443 seu
330 1401 507 1461 quocunque
537 1383 613 1442 illud
640 1383 761 1444 nomine
792 1385 942 1462 appellare
965 1386 1077 1463 placet,
1106 1385 1185 1464 quod

138 1491 254 1548 tantam
277 1492 407 1565 stragem
430 1493 461 1548 11
482 1487 600 1548 ruinam
621 1488 694 1549 fecit
715 1489 748 1548 in
770 1491 873 1563 rebus,
904 1509 980 1568 quae
1004 1491 1184 1568 sempiterno

139 1592 210 1651 usui
232 1591 418 1652 eruditorum
439 1591 604 1652 destinatae
626 1592 807 1655 viderentur.
844 1595 913 1654 Huc
935 1613 1024 1672 saepe
1039 1595 1184 1656 litteratos

5 1699 6 1706 ’
95 1697 97 1702 ’
139 1713 197 1756 nos
227 1697 314 1757 decet
346 1697 444 1756 animo
476 1696 609 1774 regredi,
639 1701 674 1756 ut
695 1696 790 1758 famae
816 1693 818 1776 l
844 1703 961 1758 nostrae
985 1700 1185 1760 conditionem
1196 1716 1246 1771 192

138 1802 304 1876 discamus,
333 1806 425 1862 etex
445 1805 489 1861 tot
510 1801 657 1861 clarorum
679 1803 856 1878 scriptorum
879 1803 1046 1863 miserrima
1068 1805 1186 1864 fortuna

139 1907 280 1968 solatium
309 1924 486 1985 quaeramus
516 1907 626 1966 nostris
656 1907 720 1966 sive
751 1907 809 1986 cite
838 1909 1020 1983 interituris,
1051 1927 1105 1969 seu
1131 1911 1185 1969 ali-

138 2011 259 2090 quando
281 2011 359 2072 acris
381 2011 515 2071 censoris
537 2011 663 2071 carbone
684 2013 801 2072 notatis.
847 2012 915 2072 Illic
937 2018 1049 2090 quanta
1070 2032 1130 2074 uno
1152 2005 1198 2073 in'

137 2118 205 2177 loco
227 2116 371 2176 caderem
391 2120 422 2176 et
443 2117 532 2175 busta
553 2116 740 2175 voluminum
762 2121 832 2176 ante
851 2118 951 2178 oculos
974 2119 1085 2199 iacenti

600 2279 715 2345 XLH.

229 2421 332 2480 Redeo
352 2421 391 2480 ad
412 2422 493 2482 viros
510 2423 623 2496 doctos,
647 2424 698 2501 qui
720 2423 818 2482 adbuc
840 2424 946 2483 vivunt
967 2425 999 2484 in
1019 2425 1185 2502 superstiti-

139 2526 199 2585 bus
229 2525 423 2603 scriptoribus
453 2531 484 2586 et
506 2527 689 2588 Scholiastis.
727 2527 903 2606 Quanquam
929 2529 1125 2606 plurimorum
1146 2549 1185 2590 ex

139 2727 288 2797 allegoriae
306 2728 441 2796 studiosa,
459 2735 483 2795 β.
504 2727 562 2782 205.
583 2728 676 2782 1722.
696 2729 736 2783 cf.
749 2729 825 2784 Eust.
845 2747 870 2798 p.
884 2731 960 2784 1154.
991 2731 1042 2785 Ero
1059 2730 1154 2785 Delius
1161 2731 1185 2799 *l

140 2817 170 2868 et
194 2814 296 2868 Hormo
318 2813 420 2869 11274.
456 2814 551 2884 Hagno
574 2813 600 2869 d.
625 2816 683 2869 101.
725 2815 884 2886 Licymnius
908 2823 933 2884 β.
958 2817 1017 2873 106.
1059 2809 1204 2872 Ν1111111

139 2921 165 2956 κ.
184 2901 244 2955 397.
264 2900 363 2971 [398.],
386 2900 543 2970 Polycletus
568 2921 599 2972 φ.
621 2902 680 2956 126.
705 2920 731 2971 p.
755 2903 815 2958 468.
853 2904 891 2972 [Τ.
910 2905 958 2958 IV.
977 2923 1002 2974 p.
1023 2905 1186 2975 25911111]

140 2989 242 3044 Sextus
267 2991 291 3041 λ.
312 2989 371 3043 155.
413 2989 560 3058 Staphylus
578 3008 607 3043 π.
626 2991 685 3044 175.
720 2990 848 3060 Χ1111μ.
868 2991 928 3045 435.
954 2991 1014 3062 alii,
1040 2993 1087 3062 qui
1108 2993 1187 3048 nobis

141 3076 240 3131 deinde
259 3078 402 3131 occmrcnt
419 3093 473 3130 non
492 3078 616 3145 quaesiti.
651 3078 684 3131 In
702 3077 749 3131 illo
768 3094 879 3132 numero
901 3079 980 3147 plura
998 3082 1062 3134 sunt
1078 3081 1187 3135 nomina

140 3163 350 3226 obscurissima,
374 3163 473 3232 partim
491 3164 569 3234 plano
585 3165 689 3235 ignota,
710 3166 809 3234 partim
828 3168 953 3234 corrupta
971 3167 1053 3221 etiam
1069 3183 1085 3221 a
1104 3167 1187 3222 libra·

138 3253 200 3306 riis.
238 3251 292 3306 Sed
311 3251 405 3305 insunt
428 3254 531 3320 tamen,
556 3252 604 3322 qui
625 3253 777 3322 perantiqui
795 3253 951 3322 rideantur,
975 3271 1046 3309 unus
1068 3257 1096 3308 et
1120 3255 1188 3309 alter

139 3338 349 3408 Aristarchens,
377 3341 405 3393 et
431 3340 557 3394 assiduus
582 3340 673 3394 forsan
699 3341 832 3410 interpres
845 3334 974 3396 Homeri.
1019 3343 1135 3397 Omnino
1158 3344 1188 3396 in

138 3426 222 3480 novis
241 3425 360 3481 Scholiis
378 3427 458 3494 pauci
475 3427 657 3496 reperiuntur,
683 3427 782 3497 quibus
800 3431 916 3483 aetatem
936 3431 1039 3498 Apicno
1056 3429 1187 3498 posterio-

139 3531 202 3568 rem
219 3513 342 3584 assignet
358 3515 432 3568 certa
446 3514 516 3569 ratic
533 3517 691 3583 temporum.
819 3514 823 3520 ’

163 3705 168 3714 ”
226 3687 445 3760 [1111111151δὲ
463 3693 476 3740 ὁ
492 3693 579 3755 Δήλιος
595 3695 678 3762 γράφει
701 3697 819 3763 ..ἐρωδιός
837 3695 849 3744 ὁ
869 3698 955 3752 aalide
973 3702 997 3746 ἐν
1016 3693 1188 3763 ,1111111111-

140 3784 212 3828 paroc
225 3766 333 3813 δαπέδου
347 3765 471 3826 μεδέοντός
484 3768 534 3812 ἐστι
549 3767 696 3820 Ποσειδῶνος
710 3809 715 3818 ,
730 3808 735 3818 ,
762 3781 777 3800 “
791 3789 834 3830 quo
848 3778 873 3819 in
887 3777 936 3819 1111
944 3772 1034 3836 Ἕρμων
1047 3781 1107 3822 recte
1121 3781 1186 3822 resti-

141 3844 191 3887 tuit
203 3843 307 3898 Heynius
320 3843 462 3897 reposuitque
478 3843 619 3898 Dindorfius]

905 3955 907 3959 ,
948 3919 1012 3988 loll·
