3048 4588
333 338 369 393 48
779 341 942 396 Prolegomena.

332 520 453 581 videtm
473 522 560 582 valde
581 523 767 600 frequentata
788 523 896 598 trisse,
930 524 957 583 si
977 524 1100 600 quidem
1120 523 1262 584 facillime
1283 525 1376 584 cessit

333 626 451 686 chartae
472 645 665 703 papyraceae.
710 627 871 687 llnimvero
893 627 992 702 illum,
1023 629 1050 688 si
1077 629 1165 688 modo
1191 629 1266 688 aliae
1287 629 1376 688 ratio·

333 748 387 790 nes
415 732 554 806 siverint,
587 751 649 792 non
677 733 786 810 cupide
814 733 1089 809 interpretabimur,
1121 734 1148 793 si
1177 734 1258 793 hunc
1285 751 1376 793 usum

332 835 458 912 pellium
487 838 542 896 sub
571 838 713 914 epocham
735 836 947 915 olympiadum
968 838 1125 898 inductum
1146 839 1316 913 credamus,
1344 844 1377 898 et

209 973 215 988 ·
332 942 461 1017 petitum
483 943 519 1001 ab
542 940 758 1017 Orientalibus,
781 941 860 1020 apud
884 960 972 1019 quos,
995 947 1030 1002 ut
1049 942 1123 1003 alias
1145 943 1288 1021 quasdam
1309 945 1376 1003 bar-

332 1046 418 1105 baras
439 1051 562 1122 gantae,
595 1046 724 1106 invaluit
750 1047 872 1124 penitus
905 1051 936 1106 et
966 1047 1134 1106 diutissime
1164 1048 1269 1124 viguit.
1315 1047 1376 1108 Sed
1473 1047 1478 1058 “

332 1150 464 1210 utillud
493 1152 673 1228 sumpserit,
704 1151 783 1228 quod
814 1155 845 1210 te
870 1151 967 1210 faoere
994 1157 1110 1236 cogent¹
1129 1150 1247 1212 collecti
1267 1151 1377 1211 calculi

331 1255 455 1332 reliqui,
478 1260 579 1315 tamen
602 1273 640 1316 ne
661 1260 735 1316 tunc
757 1255 879 1332 quidem
901 1255 1072 1332 expeditam
1092 1274 1157 1316 rem
1175 1261 1207 1316 et
1220 1257 1376 1333 vulgarem

331 1361 439 1420 facum
454 1377 537 1434 esse,
560 1361 694 1438 ipsarum
708 1361 876 1419 litterarum
889 1361 964 1420 ratio
979 1361 1117 1421 ostendit.
1162 1361 1230 1420 Non
1244 1361 1376 1438 amplius

332 1483 482 1524 moramur
504 1464 609 1524 Cadmi
628 1465 745 1524 litteras
769 1468 807 1524 11
832 1465 883 1524 vel
907 1467 961 1539 16,
982 1483 1040 1524 nec
1060 1465 1230 1525 Palamedis
1246 1469 1264 1525 3
1279 1465 1329 1525 vel
1345 1467 1375 1540 4,

332 1575 385 1628 aut
405 1569 551 1646 quidquid
574 1569 724 1646 discrepat
746 1569 889 1628 historica
907 1568 1113 1646 interpretatio
1136 1575 1270 1630 vetrntae
1291 1571 1376 1630 fabu-

332 1674 467 1735 lositatis.
514 1674 628 1734 Certior
657 1674 779 1751 quidem
805 1673 930 1734 historia
954 1674 1051 1734 adhuc
1074 1675 1192 1734 saeculo
1211 1675 1263 1734 vt.
1284 1680 1316 1735 et
1336 1675 1374 1734 V.
1425 1733 1430 1745 ,

332 1786 401 1841 ante
425 1779 492 1838 0111.
516 1779 663 1839 Simonidi
690 1779 749 1839 (leo
779 1784 869 1856 atque
890 1778 1068 1856 Epicharmo
1088 1779 1204 1855 Siculo,
1233 1781 1375 1857 antiquae

288 1882 323 1936 63
333 1883 508 1944 Comoedias
530 1883 675 1961 principi,
700 1884 773 1943 satis
795 1884 931 1960 insignes
952 1889 1052 1960 partes
1073 1885 1179 1944 tribuit
1195 1879 1199 1966 l
1216 1885 1249 1943 in
1265 1885 1375 1945 litteris

332 1989 517 2066 complendis
540 1993 571 2048 et
592 1988 783 2048 inveniendis
803 1988 890 2047 novis
902 1981 960 2070 ²⁷),
982 2006 1058 2066 quas
1074 1989 1183 2048 deinde
1205 2007 1276 2049 cum
1296 1991 1377 2067 prio·

331 2095 415 2154 ribus
434 2095 467 2154 in
488 2099 589 2171 aptam
610 2094 719 2153 seriem
740 2093 881 2153 collectas
903 2112 921 2151 a
941 2092 1110 2154 Callistrato
1132 2094 1275 2171 quodam,
1304 2099 1376 2154 ante

331 2199 405 2259 alios
427 2199 529 2276 Ionica
560 2198 664 2259 Samos
695 2198 814 2276 publice
847 2198 1041 2274 usurpavisse
1071 2195 1231 2275 fortun).
1275 2200 1377 2276 Atque

330 2306 387 2365 hoc
409 2304 546 2364 Ionicum
566 2303 758 2381 alphabetum
779 2305 820 2362 24
842 2303 1009 2362 litterarium
1029 2322 1048 2362 a
1066 2303 1177 2381 populo
1196 2304 1376 2364 Atheniensi

419 2498 464 2564 27)
483 2498 554 2552 Vide
580 2496 684 2567 Hygini
710 2496 774 2552 Fab.
794 2497 854 2551 277.
877 2497 949 2552 Plin.
967 2497 1030 2567 VH,
1050 2497 1091 2551 56.
1116 2497 1202 2552 laeta.
1222 2497 1291 2552 chit
1308 2497 1374 2566 XII,

332 2586 392 2642 398.
412 2585 450 2655 [v.
471 2585 513 2640 50.
527 2584 598 2654 sqq]
618 2584 707 2639 Schol.
726 2585 758 2638 in
774 2584 880 2640 Villois.
900 2585 1001 2638 Anecd
1021 2584 1065 2638 01,
1079 2585 1106 2638 Τ.
1120 2583 1155 2638 Π.
1176 2601 1201 2654 p.
1217 2583 1275 2638 187.
1297 2585 1373 2638 Conf.

332 2672 475 2742 Spanhem.
495 2673 528 2725 de
545 2672 580 2726 U.
597 2674 625 2725 et
642 2671 673 2725 P.
691 2672 773 2726 Num.
792 2672 867 2725 Diss.
886 2671 921 2726 Π.
941 2689 967 2740 p.
985 2670 1028 2725 85.
1055 2671 1165 2726 Goensii
1183 2673 1216 2725 de
1235 2671 1375 2726 Simonide

313 2769 315 2773 '
331 2760 379 2829 IV,
395 2761 418 2814 1.
437 2759 597 2829 liongitoris
618 2758 748 2812 Biblioth.
768 2758 821 2813 Sic.
841 2759 868 2813 Τ.
886 2759 909 2812 Ι.
927 2775 954 2826 p.
975 2758 1033 2812 181.

421 2845 467 2912 28)
484 2846 523 2900 Eo
541 2846 673 2915 pertinuit
686 2845 831 2900 dicterium
843 2845 1034 2914 Aristophanis
1047 2846 1077 2898 in
1089 2845 1263 2915 Babyloniis,
1283 2844 1376 2899 fabula

333 2933 508 2989 61164276.
537 2934 599 2989 Chr.
618 2933 802 2992 LXXXVlH.
828 2932 869 2987 Ol.
889 2935 957 2987 acta.
982 2932 1053 2986 Vide
1079 2931 1153 2987 Suid.
1172 2951 1198 2987 v.
1221 2937 1339 3002 Σαμίων
1358 2934 1375 2983 ὁ
1424 2997 1429 3010 ⁸

332 3023 422 3093 δῆμος
439 3021 501 3076 coll.
519 3039 546 3075 v.
561 3015 745 3088 Ἀπικισμός,
764 3019 853 3074 Schol.
871 3019 939 3073 Ven.
954 3020 1017 3074 (lod.
1030 3019 1062 3072 B.
1075 3020 1109 3074 ad
1120 3019 1152 3073 ll.
1168 3040 1193 3086 η.
1209 3018 1267 3073 185.
1285 3019 1374 3073 Treta.

332 3109 400 3164 01111.
421 3109 485 3178 XII,
504 3109 546 3164 61.
562 3124 619 3177 sqq.
657 3107 734 3174 Quod
756 3107 926 3162 Callistratus
950 3108 1022 3175 apud
1045 3107 1119 3160 hunc
1141 3109 1254 3162 vocatur
1279 3106 1374 3161 Gram-

332 3197 460 3266 maticus,
479 3196 545 3250 facit
562 3195 751 3264 ineptissimus
774 3195 867 3263 homo,
890 3196 922 3247 ut
944 3187 1031 3248 solent
1054 3193 1153 3247 eruditi
1172 3194 1286 3248 istorum
1304 3197 1374 3248 tem-

330 3301 440 3354 porum,
460 3300 545 3353 quum
558 3283 723 3351 antiquiores
736 3283 817 3352 digne
834 3282 945 3336 laudare
957 3281 1060 3336 volunt.
1098 3281 1214 3336 Gravius
1227 3284 1281 3351 est,
1301 3283 1375 3352 quod

332 3389 367 3426 ex
393 3371 441 3426 illo
469 3370 589 3439 Scholia,
621 3374 681 3424 tum
707 3369 821 3438 inedito,
851 3367 1031 3438 spanhemius
1059 3367 1151 3422 doctrit
1166 3369 1185 3422 1.
1205 3369 1237 3438 1..
1265 3385 1375 3438 operam

331 3459 479 3514 Callistrati
505 3457 665 3513 auctoritate
692 3457 792 3526 Ephori
819 3456 947 3510 traditam
972 3471 1041 3510 esse.
1077 3455 1205 3526 Suspicor
1227 3459 1374 3527 praeterea,

251 3611 255 3628 Ι
330 3546 404 3600 hunc
433 3547 591 3616 scriptorem
617 3545 646 3598 in
671 3544 769 3598 ultima
795 3545 871 3612 parte
899 3542 1029 3597 historiae
1052 3559 1130 3613 suae,
1157 3544 1205 3598 ubi
1223 3543 1257 3599 ad
1274 3561 1375 3599 novam

330 3635 516 3687 recensionem
535 3633 627 3703 legum
646 3632 798 3686 Atticarum
824 3630 919 3684 eiectis
936 3629 1022 3683 XXX
1039 3630 1108 3684 viris
1125 3632 1224 3686 factam
1242 3632 1374 3702 venisset,

330 3720 400 3774 hanc
418 3737 526 3774 omnem
543 3737 601 3774 rem
626 3719 734 3788 copiose
758 3718 903 3786 tractasse,
930 3716 1105 3785 indidemque
1130 3721 1289 3787 excerptum
1312 3735 1374 3774 esse

329 3806 421 3861 locum
439 3806 586 3862 Clementis
606 3824 689 3876 supra
705 3824 732 3859 n.
752 3806 794 3860 16.
