2980 4576
325 335 377 391 196
766 337 931 390 Prclcgornsna.

264 517 315 572 253
324 519 425 591 putas,
454 515 569 578 similes
600 518 786 596 superiorum
808 513 994 600 Orilticorum
1025 523 1110 578 notas
1139 519 1309 577 obscuratas
1337 519 1370 574 et

324 619 508 682 oblitteratas
536 641 603 684 esse
631 624 840 684 Aristarchais.
877 622 971 697 ,Quod
998 628 1033 682 ut
1061 621 1203 683 facillime
1232 619 1370 693 concedo,

324 743 363 784 ne
385 726 487 804 inepte
507 728 648 804 pertinax
669 729 728 788 sim
749 728 782 788 in
803 746 836 788 re
856 729 993 803 obscura,
1023 727 1066 787 ita
1086 726 1210 786 minime
1233 725 1371 785 dubitan-

325 829 397 889 dmn
418 832 556 908 arbitror,
579 833 653 911 quin
675 834 753 894 obeli
774 833 1037 911 frequentissImus
1060 837 1091 892 et
1114 832 1272 892 technicus
1293 847 1371 889 usus

324 937 493 996 auctoritati
511 937 675 998 Aristarchi
691 919 869 999 tribuendus
893 938 940 998 sit.
977 937 1056 997 Nam
1078 938 1136 996 etsi
1155 941 1187 996 et
1200 935 1373 996 Zenodotus

325 1045 357 1100 et
370 1041 585 1120 Aristophanes
608 1045 729 1121 saepius
751 1043 892 1104 dicuntur
913 1043 1028 1121 aliquid
1047 1035 1222 1118 άθετῗσαι,
1246 1046 1277 1101 et
1290 1041 1374 1118 prior
1434 1019 1438 1028 ’
1482 1105 1483 1110 1

325 1146 416 1205 etiarn
438 1146 592 1208 infamiam
614 1148 684 1208 inde
707 1149 788 1226 cepit
809 1147 983 1223 maximam,
1012 1148 1119 1207 horum
1145 1151 1247 1206 tamen
1269 1145 1374 1205 neutri
1481 1153 1483 1190 1

326 1251 402 1310 illud
425 1251 547 1328 signum
570 1245 755 1336 άθετήσεως
777 1253 866 1330 plane
894 1251 1036 1312 tribuitur
1064 1254 1101 1312 ab
1130 1251 1191 1311 ullo
1217 1252 1374 1328 scriptore,
1481 1229 1483 1250 ⁴

326 1361 452 1433 excepto
474 1375 534 1416 uno
556 1357 635 1434 loco,
663 1377 753 1436 quern
775 1361 897 1437 propter
917 1359 1007 1419 aliam
1033 1377 1152 1436 quoque
1173 1375 1295 1416 causam
1317 1374 1376 1432 pro
1481 1347 1483 1364 ¹

327 1462 469 1522 mendoso
489 1458 644 1544 habeo⁸⁸).
688 1463 726 1523 In
749 1465 855 1542 primis
876 1483 948 1525 vero
969 1465 1044 1524 haec
1073 1464 1148 1523 ratio
1170 1463 1307 1522 firmatur
1329 1481 1375 1538 eo,
1482 1529 1483 1552 ρ

327 1566 407 1643 quod
429 1565 531 1643 plures
554 1567 768 1629 Grammaticos
790 1570 934 1630 adversus
956 1570 1076 1629 obelum
1092 1568 1257 1628 Aristarchi
1279 1567 1376 1646 potis-
1481 1569 1483 1592 ⁴

327 1671 438 1731 simum
459 1673 616 1748 scripsisse
637 1675 817 1751 reperimus,
846 1694 907 1735 non
928 1675 1073 1735 adversus
1095 1673 1299 1733 Zenodoteum
1322 1678 1377 1732 aut
1482 1755 1483 1758 Ἴ

328 1774 644 1860 ausaphaneum³⁹).
1482 1759 1483 1780 λ

328 2037 390 2074 sum
413 2021 517 2074 erudite
539 2023 601 2090 post
625 2021 692 2076 allos
717 2021 819 2075 multos
843 2021 1019 2076 disserentem
1042 2020 1106 2076 vide
1124 2019 1230 2075 Villois.
1253 2020 1380 2091 Prolegg‚

328 2125 353 2176 p.
371 2107 449 2162 XIII.
470 2123 527 2177 sqq.
548 2107 671 2176 [Obelum
690 2108 745 2162 iam
764 2108 892 2164 Zenodoti
910 2109 995 2163 imese
1013 2125 1086 2162 nunc
1104 2107 1226 2175 constat]

416 2211 460 2280 38)
488 2213 521 2266 In
549 2211 654 2283 Fragm.
684 2212 887 2282 Annotationis,
918 2213 1069 2283 praeposito
1096 2213 1160 2267 olim
1188 2212 1276 2267 codici
1301 2213 1381 2282 Van,

331 2300 402 2368 quod
422 2299 525 2353 editum
544 2303 586 2354 ast
602 2299 630 2352 in
650 2299 721 2354 Bibl.
734 2300 869 2371 Goetting.
888 2302 954 2370 cett.
974 2299 1027 2354 litt.
1047 2299 1069 2354 I.
1087 2317 1113 2369 p.
1127 2298 1168 2354 69.
1209 2299 1266 2352 Τὸν
1284 2299 1383 2366 ὀβολὸν

329 2387 463 2457 ἐλάβομεν
479 2387 508 2440 ἐκ
526 2388 575 2454 τῆς
593 2391 620 2438 Ζ
624 2387 707 2454 arod
713 2385 795 2440 ότου
817 2387 998 2457 διορθώσεως.
1024 2386 1085 2456 [quo
1109 2385 1182 2454 lucc,
1203 2385 1251 2455 qui
1272 2383 1381 2440 Aristo-

328 2473 384 2527 nici
403 2475 468 2543 περὶ
480 2468 662 2543 Ἀριστάρχου
680 2477 803 2545 σημείων
818 2469 936 2534 Ἰλιάδος
947 2473 1122 2543 praefationis
1134 2473 1317 2542 fragmentum
1330 2475 1382 2540 est,

328 2559 466 2614 Beklrems
485 2561 579 2628 ἔλαβεν
598 2561 646 2628 (sc.
665 2561 852 2630 Αρισταρχος)
873 2560 997 2614 correxit.
1030 2559 1145 2614 Secutus
1164 2562 1206 2614 ast
1221 2559 1382 2614 Dindorfius

329 2646 388 2701 Vol.
406 2646 434 2714 I,
453 2665 479 2716 p.
499 2647 535 2715 1.]
572 2647 663 2702 Etiam
688 2664 757 2718 quae
775 2647 814 2702 ibi
833 2649 984 2717 sequuntur
1003 2648 1036 2701 de
1063 2647 1169 2701 duobus
1186 2661 1242 2702 vss.
1261 2646 1381 2698 ἀθετου-

329 2737 439 2804 μέιοις,
462 2733 611 2803 pertinent,
638 2735 745 2805 siquid
765 2735 868 2804 indico,
888 2735 922 2791 ad
941 2735 1142 2804 Aristarchum,
1168 2749 1222 2788 non
1240 2734 1274 2788 ad
1294 2733 1380 2788 Zeno-

331 2821 378 2874 dot
427 2861 433 2875 .

418 2907 462 2976 39)
483 2907 522 2962 Ut
535 2908 700 2964 Zenodotum
712 2908 844 2964 minorem
862 2909 892 2963 in
908 2908 977 2965 libro
996 2908 1065 2978 πρὸς
1084 2908 1118 2961 τά
1136 2901 1182 2959 ὑπ’
1199 2902 1381 2977 Ἀριστάρχου

330 2995 505 3065 ἀθετοάμευα
532 2996 582 3048 τοῦ
609 2995 741 3062 ποιητοῦ,
772 2996 839 3050 Item
866 3011 949 3066 supra
975 2997 1161 3070 memoratum*
1182 2993 1379 3062 Callistratum,

330 3082 500 3137 Demetrium
518 3081 653 3153 Ixionem,
671 3083 764 3152 Pium,
788 3083 868 3152 alios,
893 3085 1139 3154 ἀπολογουμένους
1158 3083 1228 3151 πρὸς
1245 3081 1294 3142 τὰς
1312 3081 1380 3134 dds·

330 3171 421 3236 τήσεις
438 3166 629 3240 (Ἀριστάρχου
646 3171 722 3240 puta)
742 3187 791 3226 seu
809 3167 879 3240 πρὸς
897 3171 960 3232 τοὺς
980 3174 1093 3240 στίχους
1106 3171 1307 3238 ἠθετημένουςς
1323 3169 1378 3222 for-

330 3260 402 3314 tasse
421 3258 502 3313 etiam
521 3257 689 3327 Cleanthem,
708 3258 827 3314 nobilem
845 3258 979 3328 StoIcum,
1004 3259 1034 3312 ἐν
1052 3259 1090 3326 τῷ
1107 3257 1176 3328 πρὸς
1189 3252 1378 3326 Ἀρίσταρχον.

331 3345 400 3400 Vide
417 3345 495 3416 Dicg.
513 3345 602 3400 Laert.
621 3346 688 3415 VII,
709 3345 767 3401 174.
786 3345 886 3401 Scholl.
906 3367 931 3400 α.
949 3345 1010 3400 424.
1029 3344 1114 3414 [423]
1141 3346 1159 3406 ζ.
1179 3343 1241 3398 437.
1266 3364 1297 3415 μ.
1317 3344 1377 3397 115.

332 3433 388 3502 [R]
407 3432 482 3488 Serv.
500 3433 543 3487 ad.
561 3433 636 3504 Virg.
650 3435 717 3488 Aen.
729 3434 763 3503 V,
781 3435 853 3502 735,
873 3451 925 3504 quo
943 3434 1001 3489 loco
1019 3431 1099 3498 Pius,
1117 3430 1234 3484 Homeri
1245 3445 1377 3483 cananea·

331 3525 412 3584 lator,
431 3521 478 3590 qui
497 3522 527 3575 in
538 3519 638 3574 Scholl.
657 3522 739 3576 etiam
757 3540 777 3576 ε.
791 3521 850 3576 638.
872 3521 953 3591 [Lu]
972 3524 994 3576 λ.
1008 3520 1067 3576 100.
1088 3519 1152 3588 [BL.
1171 3521 1194 3572 λ.
1210 3518 1270 3582 310.
1288 3518 1317 3570 in
1329 3516 1376 3584 V.]

333 3627 363 3678 φ.
376 3610 418 3664 55.
438 3608 494 3677 [Β.]
516 3608 575 3663 147.
598 3608 653 3678 [Β.]
674 3608 733 3664 293,
754 3609 797 3678 [Β.
817 3611 844 3663 at
863 3611 883 3670 ζ.
898 3609 958 3663 234.
977 3625 1018 3677 ap.
1037 3607 1135 3676 Bella]
1153 3605 1292 3674 laudatur,
1310 3604 1377 3658 dicit

332 3696 540 3766 descriptionem
553 3695 641 3765 Elysii
658 3697 717 3751 sive
735 3696 826 3766 potius
842 3696 993 3752 insularum
1006 3696 1217 3762 fortunatanrm,
1237 3709 1303 3763 quas
1317 3690 1375 3746 Sal·

331 3782 431 3840 lustius
449 3785 593 3854 scripserat
612 3784 729 3839 inclutas
748 3801 809 3840 asse
826 3784 938 3838 Homeri
957 3784 1141 3853 Carminibus,
1161 3781 1297 3836 sublatam
1314 3794 1375 3834 esse
