2980 4576
573 344 735 394 Prolegomena.
1119 344 1168 398 151

131 526 177 584 vel
205 527 317 585 rariora
346 530 376 585 et
403 526 440 585 ab
468 544 526 586 333
554 526 745 586 abhorrentia
776 526 918 586 vocabula
947 531 977 586 et
1004 527 1169 608 locutiones

131 625 376 712 explicarent⁶⁷).

215 735 276 795 Sed
299 737 458 812 plerosque
486 736 594 795 horum
620 736 763 795 librorum
786 736 862 795 situs
883 735 997 794 dudum
1019 739 1049 794 et
1069 735 1230 796 1133133197

131 845 359 916 occupaverant,
389 859 483 917 quum
510 840 692 900 scholiastae
718 841 813 924 nostri
842 840 1070 900 commentarios
1100 857 1170 902 suos

130 945 360 1006 conscribebant.
406 945 485 1019 Quin
511 946 601 1006 etiam
623 947 792 1026 principum
815 945 1004 1020 Griticorum,
1033 944 1171 1017 Zenodoti,

132 1050 343 1126 Alattoptaair,
365 1051 539 1126 Aristarchi,
565 1052 695 1122 Cratetis,
724 1050 915 1111 recensiones
943 1054 974 1110 et
995 1049 1170 1126 interpreta-

130 1156 227 1215 tiones
246 1155 307 1214 iam
335 1160 400 1215 tum
429 1175 490 1215 non
519 1160 604 1216 erent
632 1156 666 1215 in
690 1155 844 1215 doctorum
867 1155 1004 1214 manibus
1026 1153 1169 1230 integrae.

130 1260 262 1321 Tametsi
290 1279 344 1338 per
373 1257 425 1320 1113
452 1262 570 1321 saecula
597 1265 752 1338 totumque
782 1261 927 1336 medium,
954 1262 1034 1338 quod
1055 1264 1170 1335 vocant,

129 1384 237 1425 aevum
260 1367 293 1425 in
314 1366 414 1443 aliqua
436 1367 614 1426 bibliotheca
635 1365 711 1425 liber
732 1363 830 1443 potuit
858 1367 1047 1444 incorruptus
1069 1368 1171 1440 latere,

130 1489 221 1549 quem
243 1471 334 1547 vulgo
364 1472 397 1530 in
419 1471 584 1547 deperditis
603 1471 813 1547 numerabant,
844 1472 893 1531 vel
910 1471 943 1531 in
965 1472 1092 1532 frustula
1111 1471 1171 1530 dis·

130 1663 335 1671 ——.-——-

14 1751 37 1784 ¹¹
128 1779 212 1833 altero
235 1795 345 1848 genere,
369 1779 497 1833 orationis
514 1778 675 1833 Homericae
697 1777 918 1846 proprietatibus,
944 1777 1034 1846 paullo
1060 1779 1172 1833 celebri-

15 1863 16 1872 ’
128 1883 188 1921 ores
217 1868 282 1920 sunt
307 1867 382 1934 libri,
411 1863 453 1920 ut'
469 1866 617 1921 Ptolemaei
643 1866 827 1926 Pindarionis.
859 1868 923 1934 περὶ
949 1869 998 1918 τοῦ
1023 1861 1173 1936 Ὁμηρικοῦ

123 1963 310 2024 χαρακτῆρος,
339 1953 499 2020 Aristonici,
528 1957 592 2040 napi
618 1961 673 2006 τῶν
700 1962 747 2019 τῆς
770 1949 813 2007 ll.
840 1955 886 2005 καὶ
913 1949 968 2006 Ὀδ.
997 1953 1174 2008 ἀσυντάκτων

128 2043 275 2110 ὀνομάτων
296 2041 362 2094 libb.
381 2041 428 2094 VI.
453 2042 485 2094 de
505 2041 603 2110 quibus
621 2059 647 2095 v.
667 2041 742 2095 Suid.
762 2040 789 2094 Τ.
807 2041 830 2094 Ι.
849 2057 874 2108 p.
893 2040 952 2094 326.
972 2040 1010 2107 [v.
1023 2036 1173 2109 Ἀριστόνι-

15 2155 16 2162 *
75 2169 79 2174 .
126 2127 186 2196 κος]
206 2127 257 2181 ΠΙ.
280 2145 306 2196 p.
325 2127 384 2180 224.
405 2127 443 2196 [v.
462 2127 647 2196 Πτολεμαῖος]
673 2131 732 2181 tum
760 2126 909 2194 Basilidas,
939 2129 1002 2195 περὶ
1027 2121 1173 2197 Ὁμηρικῆς

16 2238 17 2248 ¹
127 2216 222 2274 λέξεως
251 2230 292 2287 ap.
311 2211 401 2303 Etpni.
428 2213 465 2267 M.
490 2231 515 2282 p.
536 2215 595 2267 142.
614 2213 651 2280 [v.
672 2213 806 2285 ἀρίζηλος]
831 2216 858 2267 31
875 2212 1005 2268 Zenodcri
1023 2213 1052 2265 in
1069 2212 1172 2281 primia,

15 2341 16 2366 3
128 2303 193 2370 napi
211 2309 260 2366 τῆς
276 2296 396 2369 Ὁμήρου
415 2305 564 2367 συνηθείας
581 2301 646 2355 libb.
664 2301 700 2354 X.
719 2301 791 2355 laud.
810 2300 840 2353 in
853 2299 951 2354 Scholl.
971 2300 1005 2354 ad
1018 2315 1042 2352 σ.
1056 2300 1116 2354 356.
1131 2299 1173 2352 22.

128 2389 226 2458 (1263,
247 2387 620 2457 13311331333133133.
655 2388 707 2442 Η13
726 2388 798 2442 enim
816 2388 884 2443 locis
903 2386 965 2456 plus
985 2386 1074 2440 tribuo
1093 2404 1174 2455 quam

128 2475 243 2542 Sindae,
262 2475 363 2528 librum
382 2475 434 2528 hoc
452 2474 531 2529 titulo
549 2477 584 2529 ad
598 2475 763 2530 Zenodotum
775 2475 908 2530 minorem
925 2474 1060 2528 referenti.
1098 2473 1175 2536 Alios

127 2563 254 2616 eiusdem
281 2563 433 2631 argmncnti
459 2561 556 2630 libros,
580 2579 667 2631 neque
694 2566 786 2617 tamen
805 2561 913 2617 omnino
932 2561 999 2616 satis
1019 2561 1097 2629 33111,
1124 2561 1175 2614 sub

15 2665 17 2694 ¹
129 2649 289 2706 auctoribus
308 2648 366 2704 3313
384 2649 488 2704 notabo.

147 2803 150 2806 .
220 2755 267 2821 67)
294 2755 424 2813 Udones
441 2771 462 2808 3.
481 2755 571 2826 λέξεις.
607 2754 674 2808 1313
698 2754 841 2822 paullatim
863 2730 999 2809 Glossaria
1023 2756 1051 2806 31
1075 2752 1177 2807 Lexica

15 2833 16 2854 ³
127 2843 200 2897 facta
218 2857 279 2896 3333
293 2843 415 2910 apparet,
434 2841 528 2909 etiam,
547 2842 619 2911 quod
635 2844 736 2895 temere
757 2842 881 2896 dubitant
898 2841 1034 2910 nonnulli,
1052 2841 1113 2909 ipsa
1124 2840 1176 2895 hac

128 2931 218 2984 aetate
238 2928 431 2983 Alexandrina.
467 2927 521 2982 Sed
538 2929 670 2997 primum,
693 2931 724 2983 31
742 2929 864 2998 videtur,
884 2946 928 2984 res
952 2929 1060 2983 institui
1084 2931 1177 2998 coepta

14 3011 15 3090 ,
129 3021 171 3070 331
191 3017 227 3071 31
246 3015 344 3070 semem
363 3016 499 3084 quandam
522 3031 627 3085 rerum,
654 3017 727 3070 sicut
749 3019 791 3072 331
811 3017 841 3070 13
859 3016 1030 3071 Onomastico
1048 3015 1175 3071 Pollucis.

13 3115 14 3187 1
129 3103 291 3159 Cuiusmodi
300 3102 521 3172 antiquissimum
530 3103 668 3171 specimen
677 3103 764 3158 Strato
780 3103 824 3169 (al.
836 3103 956 3170 Strattis)
969 3102 1176 3172 3311113311(Ι

13 3192 14 3237 1
129 3209 154 3259 p.
175 3189 238 3244 382.
258 3205 315 3258 sqq.
335 3191 526 3244 commemorat
544 3189 680 3259 Philetas,
704 3193 797 3259 poetae
816 3191 903 3259 111133,
926 3192 958 3244 31
984 3190 1056 3244 docti
1074 3191 1177 3258 putant,

124 3271 241 3329 Ἄτακτα
259 3275 318 3330 sive
337 3263 478 3340 ΙἎῶσσας,
498 3293 550 3345 quo
568 3278 716 3345 posteriore
735 3277 815 3332 titulo
834 3279 984 3332 afferuntur
1002 3277 1036 3332 ad
1053 3276 1177 3345 Apollon.

130 3364 182 3418 Rh.
202 3363 251 3430 IV,
270 3362 329 3417 989.
348 3363 438 3432 Etym.
457 3363 494 3417 Μ.
513 3382 538 3433 p.
560 3365 620 3418 330.
641 3362 677 3433 [1.
697 3364 806 3434 iliada]
834 3365 872 3420 Oi.
891 3365 1020 3419 Valcken.
1041 3381 1083 3432 ap.
1104 3363 1177 3433 Kop-

130 3451 227 3520 piersii
246 3449 323 3504 Obss.
337 3449 430 3518 philol.
442 3467 467 3518 p.
481 3451 523 3506 36.
559 3450 725 3506 3133311
742 3452 798 3506 11113
817 3450 928 3520 3133313,
947 3455 1080 3520 μέροπες,
1100 3451 1179 3503 31113-

11 3503 12 3528 i
127 3539 226 3606 χύται,
250 3539 326 3606 μῆλα
343 3536 460 3606 aliaque,
480 3537 562 3592 etiam
581 3538 730 3608 δαιτυμών,
750 3538 779 3591 in
798 3556 850 3608 quo
868 3538 1057 3608 laborabamus
1074 3555 1100 3606 p.
1119 3538 1177 3592 132.

11 3617 12 3639 ¹
133 3623 186 3690 Qui
204 3623 342 3678 Philotam
359 3624 446 3678 333311
465 3627 529 3680 sunt
555 3625 584 3678 in
608 3625 659 3679 hoc
683 3643 792 3694 genere,
819 3625 922 3680 indocti
949 3625 1071 3693 plerique
1090 3626 1118 3678 et
1135 3627 1177 3679 in-

133 3711 202 3780 epti,
228 3712 355 3765 notantur
373 3711 480 3782 saepius
498 3711 528 3766 in
546 3709 671 3767 Scholiis.
707 3713 810 3768 Verum
833 3713 868 3769 ad
891 3712 942 3769 bos
960 3711 1091 3768 redeundi
1108 3712 1179 3770 inira

134 3799 187 3856 erit
204 3798 290 3858 locus.
