3048 4588
582 351 744 404 Prolegamena
1153 352 1186 406 27

143 531 216 592 licet
237 531 354 592 codices
375 533 462 593 nobis
494 534 688 610 exspectandi
720 539 804 594 orant
837 533 947 594 maiore
981 551 1120 608 numero,
1153 537 1189 594 ut

144 637 347 714 ineptissimas
369 638 531 715 scripturas
553 644 584 698 et
605 638 737 699 maxime
758 638 905 716 proclivos
934 639 1038 716 lapsus
1060 639 1187 699 nonnul-

144 742 240 802 lorum
269 742 455 804 librariorum
485 743 719 821 corrigeremus,
748 747 783 802 ut
813 762 851 802 rr.
875 745 948 804 380.
977 735 1092 802 11111111
1114 735 1186 824 liga,

146 864 173 908 σ.
198 848 273 908 405.
297 836 374 906 ἔσαν
395 848 429 908 in
449 837 545 924 ἴσαν,
569 867 597 908 v.
621 851 694 909 409.
719 845 805 907 πᾶσι
827 849 860 907 111
873 838 975 907 παισί
995 852 1187 908 mutaremus.
1198 852 1231 907 35

144 953 228 1014 Adde
249 952 299 1012 1111
320 952 492 1014 facillimam
522 958 553 1014 et
582 953 642 1013 1111
672 958 826 1030 patentem
855 952 1061 1012 coufirsmnem
1089 953 1190 1012 modo-

143 1076 225 1133 rum,
256 1058 416 1134 inprimis
439 1057 621 1119 subiunctivi
650 1063 681 1118 et
704 1058 843 1136 optativi,
873 1075 999 1136 quorum
1019 1056 1190 1134 legitimum

144 1163 307 1224 discrimen
342 1163 402 1239 ipsi
439 1163 578 1224 Graeculi
615 1168 831 1241 postremorum
868 1163 1053 1223 saeculorum
1084 1180 1190 1239 parum
1247 1183 1250 1199 ·

143 1273 224 1328 recte
246 1273 417 1328 tenuerunt.
462 1267 571 1328 Notavi
593 1268 716 1346 quidem
738 1268 813 1328 mihi
834 1268 871 1327 ad
894 1267 1066 1345 quindecim
1088 1285 1189 1328 exem-

40 1419 44 1428 .
144 1373 194 1450 pla
215 1373 306 1432 huius
335 1373 533 1448 contusionis,
567 1373 675 1451 quibus
708 1373 746 1432 ad
779 1371 914 1448 regulam
946 1371 1129 1448 corrigendis
1159 1376 1191 1432 et

144 1482 275 1538 metrum
292 1483 323 1538 et
344 1476 413 1538 libri
435 1495 539 1538 omnes
571 1479 705 1538 obstent:
739 1483 769 1538 at
798 1479 831 1538 in
859 1478 949 1554 longe
970 1477 1108 1555 plurimis
1129 1495 1190 1536 non

144 1589 192 1642 est
213 1583 352 1658 dubium,
375 1583 450 1661 quin
463 1583 646 1662 antiquiores
660 1584 729 1643 libri
744 1601 814 1643 cum
828 1581 1029 1659 grammaticis
1044 1587 1075 1642 et
1088 1583 1190 1642 metri-

15 1690 26 1748 t
144 1689 189 1748 cis
220 1688 334 1764 regulis
367 1693 567 1765 congruentes
601 1688 745 1766 sequendi
776 1689 845 1748 sint.
891 1687 1003 1748 Saltem
1032 1687 1080 1762 id,
1111 1687 1191 1765 quod

143 1793 234 1870 vulgo
256 1795 291 1852 fit
313 1793 505 1870 saepissime,
528 1798 563 1854 ut
584 1794 797 1871 consequentia
823 1792 978 1852 modorum
1000 1794 1192 1869 perturbetur

142 1898 176 1958 in
198 1899 337 1959 iunctura
359 1899 528 1976 aequalium
550 1900 765 1974 membrorum,
793 1897 843 1957 vel
865 1901 900 1956 ut
921 1897 1083 1974 particulae
1107 1890 1144 1956 lb
1166 1916 1189 1958 1.

143 2019 179 2060 κε
202 2001 328 2062 addatur
348 2002 528 2064 indicativus
552 2003 677 2062 instanti
699 2008 847 2078 tempore,
869 2021 957 2063 nemo
972 2003 1032 2062 11111
1054 2002 1191 2062 indoctus

142 2112 339 2184 propagatum
371 2107 459 2184 velit,
492 2109 670 2185 praesertim
702 2109 735 2166 in
764 2113 860 2182 tante,
894 2125 970 2185 quae
1003 2107 1107 2167 multis
1136 2125 1190 2185 pro

143 2211 259 2271 ratione
281 2216 345 2287 est,
366 2211 505 2272 mutandi
525 2211 676 2272 facilitate.

654 2399 718 2466 XI.

230 2539 329 2616 Atque
353 2539 428 2598 haec
450 2557 488 2598 ex
507 2557 615 2615 magno
645 2555 770 2599 numero
799 2557 859 2604 non
888 2539 1020 2598 studiose
1051 2543 1191 2616 excerpta

142 2644 310 2721 specimina
331 2643 466 2720 vulgaris
487 2649 589 2704 textus
612 2644 777 2719 emendati,
800 2648 832 2704 et
853 2633 929 2722 quae
944 2639 1004 2702 non
1027 2645 1190 2720 ingenium,

142 2749 197 2809 sed
219 2749 359 2808 meliores
381 2748 451 2808 libri
473 2747 690 2826 suggerebant,
712 2750 809 2810 cruris
830 2750 1043 2826 persuadeant,
1064 2749 1191 2826 puriori·

140 2855 198 2914 bus
221 2855 356 2914 fontibus
378 2853 524 2914 adeundis
545 2872 648 2914 veram
676 2855 802 2915 formam
822 2853 997 2915 Homericae
1028 2855 1201 2932 scripturae

15 3007 16 3036 ,
139 2958 275 3019 revocari
310 2958 459 3036 hodieque
491 2977 588 3036 posse.
633 2959 742 3036 Neque
769 2959 847 3019 hanc
877 2977 961 3037 spem
995 2960 1085 3036 eripit
1105 2959 1191 3019 nobis

15 3069 17 3118 ἴ
139 3065 306 3142 longinqua
326 3063 403 3124 vatis
426 3067 568 3123 vetustas.
613 3064 690 3123 Nam
709 3064 784 3124 falsa
807 3069 853 3123 est
876 3083 978 3124 eorum
1000 3063 1117 3140 opinio,
1140 3065 1192 3142 qui

142 3169 205 3228 sola
237 3168 455 3246 longinquitate
490 3169 632 3246 temporis
666 3168 715 3228 vel
745 3170 904 3230 universae
931 3169 1075 3230 historiae
1102 3169 1192 3228 fidem

140 3274 284 3348 infringi,
306 3272 357 3332 vel
379 3273 557 3350 scriptorum
573 3275 723 3350 corrumpi
745 3274 964 3350 integritatem,
986 3279 1034 3350 et,
1057 3279 1092 3333 ut
1106 3274 1191 3352 quid-

141 3395 200 3455 que
234 3377 397 3438 novissime
431 3384 551 3460 gestum
581 3378 621 3438 sit
654 3383 706 3438 aut
736 3380 894 3455 scriptum,
931 3380 972 3438 ita
999 3379 1192 3438 verissimum

140 3483 333 3560 meximeque
356 3483 523 3559 genuinum
552 3468 722 3543 habendum
751 3489 866 3560 putant.
912 3483 957 3544 De
984 3486 1075 3544 rebus
1097 3484 1191 3560 gestis

141 3587 241 3648 dicere
264 3589 381 3647 omitto:
407 3583 552 3670 itempus
575 3607 610 3648 ac
633 3589 698 3648 dies
721 3589 832 3665 optime
847 3589 972 3649 dedocet
994 3588 1130 3650 credulos
1153 3589 1190 3649 de
1200 3599 1234 3654 36

141 3693 180 3753 iis
212 3693 302 3770 ipsis,
340 3711 414 3771 quae
450 3693 665 3770 propemodum
705 3693 769 3754 suis
809 3695 904 3754 oculis
945 3695 1011 3771 geri
1040 3694 1189 3755 viderunt.

142 3797 258 3876 Scripta
281 3803 382 3858 autem
412 3817 505 3878 quum
539 3798 616 3858 1111111
649 3799 716 3858 vitii
744 3800 877 3876 trahant,
909 3800 974 3860 loco
999 3817 1017 3858 a
1039 3799 1142 3860 blattis
1161 3806 1191 3862 et
