3048 4588
341 331 377 384 82
781 333 861 386 Proleg
861 346 945 376 oooooo

342 406 432 413 ———

342 512 514 572 Carminum
536 514 753 590 praeluderent.
798 513 904 592 Itaque
919 517 1082 593 posteriore
1101 517 1134 574 in
1147 517 1252 593 primis
1268 521 1388 575 auctore

341 617 435 677 fretus
466 619 526 677 iam
559 619 630 678 olim
662 618 893 679 Hemsterhusio
927 620 1003 679 duce
1037 621 1167 696 conieci,
1204 639 1243 680 ex
1276 621 1388 680 talibus

340 722 500 797 prooemiis
523 727 553 782 et
574 723 749 798 fragmentis
772 723 989 801 prooemiorum
1012 725 1088 783 banc
1111 729 1242 784 nostram
1264 723 1388 800 farragi-

340 845 411 885 nem
432 827 621 901 Hymnorum
643 829 799 888 conflatam
822 847 905 902 esse,
936 829 1036 888 addita
1063 848 1168 904 eausa,
1196 848 1257 888 non
1276 829 1387 905 impro-

340 933 430 990 babili
452 932 598 1007 16111666,-
624 952 678 992 cur
704 935 757 992 illa
779 935 893 994 sensim
915 953 984 992 oum
1006 935 1174 998 Homericis
1197 934 1388 993 Carminibus

340 1034 609 1118 0611111616111179).
653 1038 738 1097 Nihil
768 1039 863 1114 enim,
891 1045 926 1097 ut
952 1040 1069 1116 opinor,
1098 1039 1236 1100 interfuit
1257 1039 1387 1097 theatro·
1514 1103 1516 1124 Ι

339 1160 408 1200 rum
437 1142 576 1217 istonm,
609 1143 797 1219 exploratum
828 1144 951 1217 habere,
986 1145 1035 1202 oui
1069 1144 1201 1220 quidque
1234 1143 1387 1215 deberent,
1514 1139 1516 1230 l

339 1247 418 1323 quod
439 1248 543 1306 auditu
562 1247 688 1324 dignum
710 1253 805 1308 esset:
832 1249 1105 1308 Alexandrinorum
1125 1253 1225 1308 autem
1243 1253 1387 1324 tempore,

339 1370 467 1428 quorum
498 1353 628 1412 maxime
662 1353 815 1426 interfuit,
852 1353 929 1412 nibil
961 1353 1082 1412 videtur
1114 1353 1298 1429 superfuisse
1325 1352 1388 1410 nisi

339 1457 421 1514 varia
442 1461 473 1515 et
494 1457 727 1532 obscuratam,
749 1462 784 1516 ut
805 1457 842 1517 de
864 1462 908 1516 tot
929 1457 996 1516 aliis
1018 1451 1231 1532 ἀδεσπότοις,
1258 1473 1387 1533 quorum

339 1561 449 1637 partim
470 1561 531 1620 iam
552 1561 631 1637 apud
651 1561 835 1621 Herodotum
857 1563 967 1621 mentio
987 1563 1029 1621 fit.

427 1665 565 1742 Denique
588 1667 625 1725 de
648 1667 792 1726 sollennis
818 1667 974 1743 iustaeque
1004 1667 1187 1725 recitationis
1214 1666 1386 1724 rationein

280 1769 330 1823 108
339 1771 467 1846 publicis
482 1772 678 1831 conventibus
700 1777 731 1831 et
753 1772 967 1831 certaminibus
989 1768 1179 1852 paulcissima
1202 1775 1284 1846 srmt,
1307 1789 1386 1848 quae

338 1881 420 1934 certa
452 1895 553 1936 rerum
584 1877 643 1936 fide
676 1877 838 1936 tradantur.
883 1877 984 1936 Unum
1013 1877 1094 1936 inter
1123 1894 1228 1935 omnes
1259 1881 1386 1952 constat,
1511 1765 1516 2026 4

337 1985 498 2058 utrumque
520 1999 592 2058 epos
611 1981 734 2040 Homeri
749 1983 870 2041 nonnisi
885 1982 1086 2058 particulatim
1098 2000 1133 2040 ao
1145 1982 1263 2040 diverso
1279 1981 1385 2040 ordine
1514 2027 1516 2060 :

338 2084 528 2144 decantatum
544 2104 627 2160 esse,
650 2091 681 2144 et
695 2086 859 2162 particulae
874 2087 982 2162 cuique
998 2086 1089 2161 vulgo
1104 2087 1260 2162 proprium
1273 2103 1386 2144 nomen

337 2190 431 2248 fuisse
445 2184 498 2270 ⁸⁰).
544 2189 586 2248 Ha
607 2192 729 2249 nomina
745 2196 864 2250 exstant
884 2196 949 2249 tum
964 2191 1043 2267 apud
1058 2191 1218 2250 Aelianum
1233 2196 1264 2250 et
1276 2190 1385 2249 Eusta-

336 2295 434 2353 thium
456 2295 489 2353 111
512 2295 669 2371 principiis
689 2296 929 2372 rhapsodiarurn,
952 2301 1017 2354 tum
1033 2297 1112 2372 apud
1126 2296 1200 2354 alios
1223 2296 1385 2372 scriptores

336 2419 426 2476 quam
448 2399 608 2475 plurimos,
632 2401 684 2477 qui
703 2401 815 2476 passim
830 2401 989 2460 Homerica
1008 2401 1074 2460 loca
1096 2401 1133 2460 ad
1155 2401 1241 2459 illum
1261 2400 1385 2476 modum

336 2505 476 2564 excitant.
522 2504 581 2565 Sed
615 2523 667 2564 eae
700 2512 800 2582 partes
829 2507 866 2565 ab
888 2507 974 2564 initio
996 2506 1059 2566 fere
1080 2506 1230 2582 longiores
1251 2507 1384 2581 fuemnt,
1506 2526 1510 2535 ·

336 2627 447 2686 neque,
477 2614 512 2667 ut
541 2628 581 2669 ex
611 2610 769 2669 Eustathio
801 2611 939 2688 colligas,
968 2629 1037 2671 oum
1059 2611 1249 2670 Aristarcbea
1271 2611 1384 2669 descri-

337 2714 439 2788 ptione
466 2713 610 2773 librorum
639 2720 844 2790 congruentes.
889 2715 936 2773 Ita
970 2705 1113 2774 Ἀλκίνου
1145 2708 1307 2794 ἀπόλογος
1336 2715 1385 2773 IV

336 2818 387 2876 vel
407 2817 437 2875 V
459 2817 550 2878 libros
574 2816 726 2894 Odysseae
747 2820 998 2896 complectebatur
1010 2815 1067 2900 ⁸²);
1098 2819 1178 2896 quod
1199 2837 1327 2895 pensum
1349 2820 1384 2878 in

425 2995 469 3062 79)
489 2997 532 3049 Ad
550 2995 662 3050 Hesiodi
681 2996 778 3066 Theog.
802 3014 828 3064 p.
847 2996 888 3050 60.
907 2996 980 3050 Conf.
999 2995 1148 3050 Mitseherl.
1169 2996 1203 3049 ad
1221 2996 1255 3048 H.
1274 2996 1303 3048 in
1322 2997 1382 3052 Cer.

336 3100 362 3151 p.
382 3081 440 3138 101.
460 3085 487 3136 et
505 3083 630 3138 Groddelr
649 3083 795 3138 Commeat.
815 3084 848 3137 de
865 3082 1036 3152 Hymnorum
1052 3081 1132 3137 Hom.
1151 3083 1275 3151 reliquiis
1293 3102 1318 3152 p.
1338 3083 1382 3139 21.

423 3169 469 3236 80)
488 3171 577 3226 instar
604 3171 725 3225 omnium
752 3171 831 3225 nobis
858 3173 899 3226 est
928 3171 1075 3224 auctoritas
1101 3171 1202 3224 veteris
1232 3172 1384 3242 scriptoris

336 3275 418 3328 quem
436 3259 572 3327 excerpsit
589 3259 694 3312 Aelian.
712 3259 745 3312 V.
764 3258 798 3311 H.
819 3259 902 3328 XIII,
921 3258 962 3312 14.
1134 3321 1138 3326 ,

423 3344 469 3411 81)
489 3344 562 3399 Ocni.
584 3347 657 3399 reete
684 3347 837 3398 monentem
863 3345 1044 3414 Twiningium
1070 3345 1099 3398 in
1117 3345 1198 3399 Notis
1215 3345 1249 3399 ad
1268 3345 1382 3400 Aristot.

336 3431 410 3486 Pc'e't.
429 3450 455 3501 p.
474 3433 533 3486 365.
570 3433 647 3486 Addo
673 3431 845 3486 simillimum
869 3433 1025 3500 exemplum
1048 3449 1090 3500 ap.
1108 3432 1235 3486 Herodot.
1254 3432 1291 3500 Π,
1313 3434 1381 3502 116.,

336 3520 383 3573 ubi
401 3520 433 3573 ll.
453 3522 471 3581 ζ.
492 3519 551 3575 289.
565 3536 622 3589 sqq.
641 3519 786 3574 laudantur
804 3536 839 3573 ex
856 3515 1018 3589 Διομήδους
1037 3520 1175 3590 ἀριστείᾳ,
1201 3536 1254 3589 qno
1272 3522 1381 3574 nomine

336 3606 557 3662 aGrammatiois
585 3607 735 3676 appellatur
760 3607 793 3662 11.
812 3611 843 3660 E.
890 3606 966 3673 Quod
993 3608 1083 3676 ipsum
1111 3625 1166 3661 una
1197 3624 1260 3660 cum
1288 3611 1380 3662 tenore

336 3695 544 3749 constructionis
565 3695 645 3749 valde
670 3695 827 3749 adversatur
851 3695 927 3750 obelo
944 3695 1132 3764 Valckenarii,
1156 3695 1271 3750 delentis
1289 3697 1379 3758 verba.

336 3781 365 3835 ἐν
383 3781 541 3852 Διομήδεος
556 3783 688 3855 ἀριστείῃ.
