3048 4588
399 1113 902 1197 PROLEGOMENA.

636 1333 663 1398 I.

128 1469 258 1582 Duplex
290 1505 323 1564 in
354 1506 460 1582 primis
491 1525 589 1582 genus
622 1513 669 1566 est
705 1507 936 1582 emendationis,
973 1506 1052 1584 quod
1089 1506 1174 1565 libris

128 1595 265 1669 veterum
287 1610 439 1669 admoveri
462 1615 493 1670 et
515 1615 616 1686 potest
637 1615 669 1670 et
691 1611 781 1685 solet,
803 1617 838 1670 ut
859 1611 974 1670 avitiis
989 1615 1019 1669 et
1041 1609 1174 1684 maculis,

128 1732 203 1792 quas
223 1715 373 1792 exlongo
394 1716 633 1790 peregrinatione
656 1717 689 1774 in
711 1716 877 1775 barbariem
898 1716 996 1775 varias
1017 1715 1175 1792 plurimas-

129 1838 188 1896 que
211 1824 383 1894 traxerunt,
404 1820 539 1894 liberati,
566 1821 689 1898 propius
716 1821 754 1879 ad
776 1821 929 1898 antiquam
959 1826 990 1880 et
1011 1838 1096 1880 suam
1118 1821 1175 1878 for-

129 1943 209 1984 mam
230 1929 416 1985 revocentur.
463 1927 599 1986 Alterum
620 1927 690 2003 plus
712 1926 826 2002 negotii
848 1931 893 2000 et,
920 1944 1015 2002 paene
1038 1924 1176 2002 dixerim,

129 2049 288 2090 aerumnae
310 2032 415 2108 habet;
444 2032 571 2090 alterum
592 2031 661 2106 plus
684 2031 795 2090 otiosae
818 2030 1039 2090 delectationis:
1062 2036 1176 2090 utrum-

130 2155 204 2214 que,
227 2141 309 2195 recte
331 2136 359 2196 si
380 2137 553 2211 adhibetur,
576 2136 650 2195 utile
672 2141 733 2214 est;
756 2140 787 2194 at
799 2136 927 2196 alterum
941 2136 1055 2195 utilius.
1099 2136 1177 2195 Nam

130 2241 182 2318 qui
216 2241 338 2318 optimis
374 2242 515 2301 subsidiis
545 2242 595 2300 rel
628 2241 752 2300 minime
787 2241 967 2314 instructus,
1003 2241 1179 2317 scriptorem

130 2346 215 2405 nobis
234 2346 467 2405 emendatiorem
489 2347 602 2420 reddit,
625 2347 688 2405 sive
712 2346 833 2422 ingenio
850 2364 916 2420 suc,
940 2347 1003 2405 sive
1017 2363 1179 2422 paucorum

129 2450 272 2509 librorum
294 2468 369 2527 usu;
401 2452 537 2528 quamvis
561 2451 613 2508 vix
635 2450 760 2527 triginta
782 2468 892 2510 naevos
916 2450 1087 2525 sustulerit,
1110 2469 1178 2510 oen·

130 2559 195 2613 tum
217 2554 388 2632 relinquat,
418 2573 488 2614 eum
522 2561 624 2614 tamen
654 2573 743 2614 nemo
776 2555 814 2614 de
845 2555 931 2615 bonis
964 2555 1074 2614 litteris
1101 2556 1178 2615 bene

130 2659 240 2719 mereri
263 2664 364 2736 neget.
409 2660 513 2736 Itaque
533 2679 582 2718 res
604 2660 670 2720 fleri
693 2661 808 2719 solebat
830 2664 895 2718 tum
914 2652 1062 2734 maxime,
1086 2679 1179 2737 quum

130 2762 199 2822 libri
221 2763 334 2823 calamo
356 2764 461 2840 scripti
483 2783 543 2825 non
566 2765 608 2822 ita
629 2764 748 2841 pridem
761 2765 854 2840 prelis
877 2764 985 2823 subiici
1001 2765 1178 2845 coepissent,

131 2869 222 2945 inque
246 2868 310 2928 dies
341 2886 457 2928 summa
482 2886 627 2927 novorum
657 2869 857 2928 subsidiorum
887 2870 1069 2946 exspectatio
1089 2874 1178 2929 esset.

132 2971 227 3046 Quem
250 2991 363 3032 morem
385 2977 489 3048 postea
508 2972 645 3050 plerique
667 2979 739 3033 sunt
760 2974 869 3033 imitati
891 2975 929 3034 ad
945 2981 1078 3034 nostram
1100 2979 1180 3034 aeta-

131 3083 209 3152 tem,
232 3078 323 3137 etiam
344 3079 377 3136 in
398 3078 438 3136 iis
461 3078 670 3153 scriptoribus,
701 3079 754 3154 qui
773 3079 876 3138 critica
897 3080 1020 3138 materia
1043 3084 1074 3138 et
1096 3078 1177 3138 omni

131 3201 242 3258 genere
264 3183 504 3243 adiumentorum
525 3177 727 3265 abundalrent.
757 3183 908 3242 Nimirum
928 3185 1017 3262 pauci
1037 3189 1206 3243 novarum4

131 3288 343 3346 recensionum
364 3291 500 3346 auctores
522 3288 565 3346 ita
586 3293 695 3364 agunt,
718 3293 769 3347 aut
790 3306 857 3347 eam
878 3289 987 3348 laboris
1007 3288 1182 3365 patientiam

132 3393 275 3466 afferunt,
298 3397 332 3450 ut
351 3411 391 3452 ex
412 3391 486 3452 locis
506 3392 579 3452 satis
603 3411 690 3469 saepe
713 3393 875 3452 reconditis
898 3398 929 3452 et
950 3393 1128 3470 disparatis,
1148 3394 1181 3453 in

18 3513 20 3524 ’
132 3498 299 3574 primisque
334 3515 372 3556 ex
404 3499 557 3557 veteribus
589 3497 827 3573 exemplaribuS,
859 3517 978 3558 omnem
1007 3498 1182 3559 varietatem

132 3601 275 3662 lectionis
297 3603 486 3677 contrahant,
521 3621 580 3679 qua
612 3602 720 3662 deinde
753 3621 822 3662 cum
851 3603 982 3678 vulgatis
1005 3609 1181 3680 comparata,

134 3711 322 3767 constantem
351 3707 591 3767 emendationem
622 3708 843 3784 aggrediantur.
888 3708 984 3767 Immo
1012 3710 1183 3769 consistunt

135 3813 198 3870 fere
219 3816 286 3871 tum
308 3812 444 3888 demum,
480 3815 532 3872 ubi
565 3814 737 3890 impeditior
769 3831 877 3873 sensus
911 3813 959 3872 vel
986 3815 1053 3891 ipsa
1082 3815 1182 3889 specie

178 3929 281 3972 Wolfii
300 3930 463 3983 Prolegcmene.
492 3930 569 3972 Editio
582 3929 622 3972 ΠΙ.
989 3925 1003 3978 1
1076 3926 1081 3930 ’
