3048 4588
604 383 768 436 Pmlegomena.
1180 381 1214 436 13

168 563 317 622 editorum
338 582 408 624 cum
438 563 604 642 proletariis
638 563 789 622 codicibus
817 564 889 622 suis.
934 564 975 622 At
1003 563 1072 636 ille,
1101 562 1152 638 qui
1181 561 1215 619 111

168 667 298 728 Homero
319 669 396 727 nihil
416 673 535 745 praeter
548 668 707 745 pulchrum
721 671 839 744 poetam
854 667 1029 742 mirabatur,
1048 667 1215 742 priscorum

169 772 235 832 eius
267 773 395 832 fatorum
427 774 529 833 minus
563 773 711 846 curiosus,
746 777 776 832 et
808 773 970 832 rhetoricos
995 772 1096 847 potius
1126 789 1215 849 quam

169 878 288 937 criticos
310 879 489 955 interpretes
510 882 658 953 sectatus,
684 878 804 937 omnino
826 879 863 936 ab
885 877 941 936 hac
962 881 1045 953 parte
1068 895 1128 936 non
1149 881 1215 936 tan·

168 987 245 1058 tam,
273 989 383 1060 quanta
401 983 492 1059 vulgo
513 983 638 1056 fruitur,
660 982 779 1042 laudem
800 983 924 1056 meruit,
946 982 1106 1059 plurimam
1128 983 1217 1042 debet

168 1087 298 1147 iacturae
321 1089 485 1148 doctiorum
507 1088 700 1148 scholiorum.

255 1192 410 1253 Postremo
429 1193 519 1254 retuli
540 1212 589 1253 me
610 1193 648 1252 ad
671 1191 926 1269 cognoscendum,
953 1192 1099 1269 quidquid
1121 1193 1214 1252 bonae

169 1296 265 1372 frugis
288 1297 411 1357 allatum
433 1303 514 1358 esset
536 1316 576 1357 ex
597 1316 688 1356 manu
704 1297 824 1373 scriptis
838 1297 1077 1372 exemplaribus,
1099 1315 1214 1357 curam·

170 1419 227 1477 que
249 1403 497 1462 conferendarum
517 1403 681 1478 primarum
703 1402 884 1477 editionum,
910 1403 1081 1462 institutam
1102 1403 1138 1462 ab
1159 1401 1214 1461 Er-

169 1507 282 1581 nestio,
304 1525 400 1584 usque
422 1508 459 1566 ad
482 1507 714 1583 Stephanianam
735 1511 911 1584 persecutus
933 1525 1015 1584 sum3
1039 1507 1128 1584 longe
1149 1507 1214 1584 qui-

169 1611 238 1670 dem
265 1611 379 1671 minore
406 1613 507 1672 fructu
529 1631 618 1690 quam
645 1613 751 1672 labore.
797 1612 914 1671 Paucae
945 1613 1027 1671 enim
1053 1612 1102 1671 his
1124 1612 1214 1671 editis

168 1715 253 1774 libris
275 1717 411 1792 propriae
435 1721 507 1776 111111
527 1717 687 1794 lectiones;
715 1721 747 1776 et
769 1734 844 1793 quae
866 1716 900 1775 in
922 1734 956 1775 eo
975 1733 1101 1776 numero
1121 1717 1215 1776 bonae

169 1825 241 1879 sunt
263 1825 294 1879 11
316 1825 403 1880 textu
424 1822 549 1898 dignae,
580 1839 682 1881 ea1um
704 1821 802 1899 quoad
822 1821 920 1880 fontes
942 1821 1127 1896 ignoramus,
1153 1840 1214 1880 non

168 1925 210 1984 111
241 1927 342 2002 gravis
372 1927 532 1986 auctoritas
568 1944 635 1986 esse
668 1931 780 2003 potest,
815 1945 908 2003 quum
939 1927 1057 1986 codices
1084 1927 1214 2003 quidam,

168 2031 329 2107 praecipue
351 2031 488 2091 Venetus
509 2031 576 2105 ille,
608 2036 729 2108 propter
753 2031 923 2092 testimonia
947 2031 1133 2090 Scholiorum
1151 2032 1213 2108 ple-
1242 2042 1245 2048 '

168 2153 295 2213 rumque
313 2136 403 2194 etiam
423 2136 465 2195 ibi
487 2141 658 2196 mereantur
677 2136 784 2209 fidem,
809 2137 861 2194 ubi
882 2141 1049 2196 ceterorum
1070 2137 1213 2196 librorum

169 2257 334 2300 consensus
363 2258 423 2299 non
453 2240 576 2300 accedit.
621 2238 685 2313 Qua
713 2240 746 2298 in
776 2258 809 2298 re
832 2258 921 2315 saepe
944 2241 1018 2299 mihi
1041 2257 1099 2300 usu
1120 2241 1212 2315 venit,

169 2349 203 2403 ut
233 2345 324 2421 longo
357 2345 485 2404 circuitu
517 2345 707 2422 pervenirem
743 2345 781 2402 ad
810 2362 861 2404 eas
894 2345 1104 2420 correctiones,
1139 2363 1213 2422 quas

98 2431 100 2436 ¹
169 2449 274 2508 eximii
295 2449 365 2508 libri
386 2449 502 2525 primus
524 2450 684 2525 adspectus
707 2449 817 2508 frustra
840 2449 992 2509 obtulerat.
1037 2449 1115 2508 Nam
1137 2468 1213 2527 quae

169 2573 277 2630 magna
305 2559 351 2613 est
377 2555 467 2614 huius
494 2555 555 2613 mei
580 2573 615 2614 ae
637 2554 749 2614 Veneti
771 2559 875 2614 textus
897 2555 1119 2630 convenientia,
1147 2573 1213 2614 eam

170 2664 275 2736 sponte
310 2664 410 2718 natam
442 2659 547 2733 habui,
582 2678 642 2719 non
676 2659 818 2736 quaesivi.
875 2657 1021 2732 Quoniam
1052 2660 1133 2720 enim
1164 2679 1212 2720 me

169 2768 341 2824 constanter
362 2764 401 2822 ad
421 2763 511 2823 fidem
538 2769 663 2823 testatae
693 2764 879 2840 antiquitatis
909 2765 1109 2840 contuleram,
1135 2765 1213 2824 nihil

166 2869 301 2928 tribuens
334 2869 450 2944 vidgari
482 2869 611 2944 levitati,
645 2887 721 2945 quae
754 2869 827 2927 dum
859 2869 1023 2945 scripturae
1056 2871 1213 2929 veritatem

166 2973 317 3049 elegantia
336 2974 387 3032 vel
420 2973 513 3033 simili
545 2974 645 3050 specie
676 2973 815 3048 metitur,
848 2992 925 3033 nova
954 2975 1126 3051 etantiqua
1148 2975 1211 3034 fere

165 3077 250 3136 nullo
270 3078 446 3137 discrimine
472 3079 591 3155 arripit;
623 3079 713 3138 etiam
742 3079 894 3155 principes
915 3078 1062 3139 editiones
1083 3098 1210 3157 perraro,

166 3187 196 3242 et
217 3201 256 3242 ne
281 3183 432 3242 Venatum
460 3178 590 3265 quildem
610 3184 743 3243 codicem
763 3201 862 3260 neque
884 3184 1075 3244 Eustathium
1095 3185 1254 3246 1111111119

165 3289 299 3348 fontibus
322 3289 386 3347 suis
404 3294 577 3363 monentes,
604 3289 767 3348 audiendos
789 3307 856 3348 esse
878 3289 961 3348 duxi.
1005 3290 1109 3366 Itaque
1133 3291 1159 3348 si
1178 3291 1211 3349 111

164 3393 255 3452 huius
285 3393 487 3452 verbosissimi
519 3393 649 3452 hominis
680 3394 883 3453 voluminibus
910 3394 986 3452 nihil
1018 3394 1100 3453 aliud
1122 3413 1210 3471 quam

164 3499 315 3556 variantes
344 3497 489 3558 lectiones
521 3499 721 3575 quaesissem,
760 3517 853 3575 quum
886 3518 926 3558 ex
959 3499 1013 3574 iis,
1046 3517 1121 3576 quae
1151 3499 1212 3576 ipsi

165 3603 301 3679 propriae
321 3606 408 3678 sunt,
438 3604 641 3678 paucissimas,
664 3604 844 3679 receperim,
869 3605 993 3663 minima
1010 3622 1087 3681 ,pars
1109 3623 1210 3665 emen-

165 3707 294 3767 dationis
326 3726 410 3767 meae
441 3708 517 3766 mihi
549 3709 679 3766 maximo
710 3709 809 3768 taedio
837 3714 869 3768 et
891 3709 1047 3784 dispendio
1068 3712 1210 3787 temporis

165 3812 338 3873 redimenda
358 3817 428 3873 erat.
451 3888 456 3898 „
