3048 4588
575 346 738 400 Prolegomena.
1150 347 1184 400 39

138 529 196 590 ciis
219 529 341 606 quidem
363 532 394 588 et
416 533 581 588 mercatura
603 529 751 589 adhibitae
773 550 791 590 a
809 530 1010 591 Phoenicibus
1025 531 1098 590 artis
1113 548 1184 590 suae

136 634 251 694 mentio
272 635 315 694 fit.
359 631 425 693 Hoc
448 633 501 711 qui
522 651 641 694 mecum
668 634 810 711 miratur,
840 640 884 695 tot
912 635 971 694 alia
991 635 1103 695 indicia
1125 639 1184 694 tar-

137 739 230 799 dioris
253 738 388 798 culturae
409 739 577 799 litterarum
598 740 779 816 perpendat,
802 741 927 801 forsitan
943 742 1045 801 statim
1059 742 1092 799 in
1105 741 1183 800 hano

137 844 283 904 concedet
305 844 499 919 sententiam,
520 849 570 919 ut,
591 845 738 922 quidquid
759 863 777 904 a
798 845 952 906 nonnullis
974 845 1011 905 de
1033 849 1182 905 vetustate

137 948 321 1026 frequentati
335 965 410 1009 usus
425 967 529 1009 earum
542 955 693 1025 narratur,
704 955 858 1028 ‚tanquam
875 954 1077 1011 commentum
1093 949 1184 1010 Grae-

138 1071 243 1114 corum
265 1052 379 1114 Graeca
400 1054 460 1114 fide
481 1054 666 1114 censendum
689 1072 755 1115 esse
777 1055 944 1115 arbitretur.

225 1158 365 1235 Improba
396 1176 515 1236 semper
547 1159 618 1218 huic
649 1161 733 1236 genti
766 1161 874 1237 cupido
907 1161 981 1236 fuit,
1020 1157 1185 1220 clarissima
1194 1157 1226 1210 51

137 1283 275 1344 quaeque
297 1264 437 1324 instituta
459 1282 499 1324 ex
520 1263 636 1324 ultimis
658 1265 842 1343 temporibus
863 1265 1037 1342 repetendi,
1067 1269 1098 1324 et
1120 1268 1185 1323 tan-

137 1375 205 1430 tum
227 1387 288 1429 non
310 1369 443 1428 omnium
464 1387 579 1444 rerum,
602 1370 711 1446 quibus
731 1371 824 1430 serior
838 1371 1008 1430 humanitas
1024 1369 1184 1442 constabat,

137 1473 302 1534 utilitatem
324 1473 490 1532 inventioni
519 1474 643 1533 heroum
672 1492 794 1534 suorum
816 1474 1017 1535 consecrandi.
1061 1473 1098 1532 Id
1119 1477 1185 1532 tum

137 1579 266 1639 aliarum
287 1579 449 1639 multarum
478 1584 543 1638 tum
569 1579 660 1638 huius
683 1597 800 1657 quoque
823 1580 895 1639 artis
923 1580 1035 1656 primos
1057 1577 1185 1638 cultores

138 1684 318 1744 obscuravit.
361 1681 440 1743 Nam
462 1683 541 1744 sicut
562 1683 694 1759 Atlanti,
725 1684 844 1761 Cepheo
874 1690 905 1744 et
931 1683 1035 1743 multis
1064 1683 1186 1742 illorum

138 1789 316 1866 aequalibus
345 1788 482 1848 notitiam
511 1788 645 1848 siderum
673 1789 857 1864 tribuerunt,
891 1789 1045 1866 antiquam
1076 1787 1187 1846 famam

138 1893 358 1970 detorquendo,
381 1893 424 1952 sic
445 1897 550 1970 poetae
568 1893 709 1952 videntur
731 1893 881 1971 pluribus,
904 1911 979 1972 quos
1001 1893 1038 1952 ab
1061 1891 1187 1952 seientia

138 1997 370 2059 utilissimarum
391 2016 492 2058 rerum
514 1998 628 2057 laudari
651 1998 821 2074 audissent,
850 2002 902 2058 aut
924 2015 1052 2076 quorum
1079 1998 1187 2056 merita

138 2106 173 2164 in
194 2105 477 2180 humanumgenus
500 2103 644 2164 extollere
659 2104 787 2179 vellent,
810 2102 978 2180 praeclarae
997 2103 1089 2162 huius
1111 2103 1184 2161 artis

140 2228 196 2270 seu
217 2209 357 2269 inventae
380 2226 434 2269 seu
457 2209 618 2285 insigniter
639 2209 812 2269 emendatae
833 2207 1044 2286 percultaeque
1066 2206 1187 2266 laudem

68 2389 70 2394 ,
141 2313 294 2376 tribuisse.
316 2313 473 2392 ltaqurun
481 2313 806 2390 illosprogressusnon
817 2309 1187 2390 distinguerent,Aeschy-

141 2422 192 2481 lus
210 2437 276 2479 rem
297 2418 473 2478 Prometheo
496 2436 565 2494 suo,
587 2417 639 2478 alii
663 2418 799 2494 Cecropi,
821 2417 874 2476 alii
889 2416 1016 2494 Orpheo,
1034 2415 1087 2474 alii
1101 2414 1185 2489 Lino,

141 2523 279 2602 plerique
294 2522 420 2597 Cadme,
444 2521 582 2582 nonnulli
596 2522 748 2582 Palamedi
762 2513 1054 2600 assignavenmt1³).
1104 2519 1187 2578 Haeo

141 2623 278 2708 dissildia
305 2632 408 2705 postea
435 2627 568 2688 historici
598 2632 630 2688 et
650 2627 830 2687 litteratores
852 2645 912 2685 non
936 2625 1061 2702 aequius
1083 2623 1186 2684 tollere
1196 2635 1230 2691 52

143 2754 177 2795 se
199 2751 290 2812 posse
312 2738 470 2810 putammt,
494 2752 583 2810 quam
606 2733 722 2793 sicam
745 2732 870 2809 gloriam
885 2730 1099 2810 quodammodo
1121 2746 1188 2805 par-
1227 2765 1230 2772 ,
1297 2817 1300 2823 Ι

232 2932 278 2999 13)
296 2930 342 2986 Sic
359 2929 504 2998 Euripides
526 2929 556 2980 in
582 2927 667 2982 nobili
689 2927 795 2997 Pragm.
814 2925 967 2982 Palamedis
985 2943 1027 2995 ap.
1044 2925 1188 2980 Stobaeum

141 3020 269 3090 Florileg.
289 3018 315 3072 Τ.
334 3016 465 3072 LXXXI.
501 3016 573 3071 Nam
599 3017 633 3070 de
660 3031 743 3069 sensu
768 3015 866 3068 horum
891 3029 1033 3082 versuum,
1060 3013 1128 3066 item
1155 3012 1188 3064 de

141 3105 276 3175 Aeschyli
291 3105 350 3159 loco
369 3104 457 3158 Prom.
468 3103 543 3172 459,
563 3101 780 3157 dissentiendum
797 3101 892 3169 putavi
909 3101 942 3155 ab
962 3099 1086 3169 opinione
1103 3098 1188 3152 Hem-

141 3193 275 3250 sterhusii
293 3193 327 3246 ad
345 3191 456 3246 Lucian.
474 3191 501 3244 Τ.
519 3190 541 3244 1.
560 3208 585 3258 p.
604 3188 647 3243 88.
665 3191 806 3258 poetarum
825 3204 977 3242 sermonem
995 3186 1111 3240 nimium
1127 3200 1187 3254 pre-

141 3267 250 3336 mentis.
286 3279 413 3348 Accedit,
439 3279 510 3347 quod
529 3294 579 3331 nec
596 3276 705 3332 Paeitus
724 3276 883 3348 gravissimo
901 3275 960 3331 leco
978 3274 1048 3328 Ann.
1065 3273 1115 3341 XI,
1136 3273 1186 3341 14,

141 3385 193 3424 nec
211 3367 352 3436 Hyginus,
370 3383 421 3420 nec
439 3365 490 3420 Dio
510 3365 735 3434 ChrysostomuS,
758 3363 899 3418 Palamedi
921 3363 1034 3416 eandem
1052 3360 1187 3415 inventio·

142 3473 207 3510 nem
232 3454 396 3522 tribuentes,
425 3469 459 3506 ex
486 3469 540 3506 une
566 3451 696 3520 Euripide
722 3451 752 3504 id
781 3451 930 3519 sumpsisse
956 3449 1045 3504 rideri
1065 3449 1186 3517 possunt.

143 3543 245 3598 Omitte
263 3541 463 3596 Declamatores
490 3541 557 3594 duos
581 3540 611 3592 in
636 3537 719 3594 Oratt.
739 3537 782 3592 Gr.
801 3537 893 3592 Reislr.
912 3537 939 3592 u.
958 3535 1035 3590 Vffl.
1053 3553 1079 3604 p.
1098 3534 1140 3588 74.
1161 3537 1189 3588 et

144 3628 218 3694 118,
246 3629 299 3683 etsi
327 3627 370 3681 illi
387 3629 512 3696 antiquos
530 3643 651 3681 rumores
676 3626 707 3679 in
733 3625 898 3696 argumentis
926 3623 984 3679 suis
1007 3623 1094 3678 secuti
1115 3624 1186 3677 sunt.

144 3717 187 3770 Ab
205 3717 250 3771 bis
273 3715 398 3770 omnibus
421 3714 580 3770 Palamedes
598 3729 655 3768 non
671 3730 818 3783 paucarum
843 3711 1010 3782 quarundam
1027 3711 1187 3784 litterarum,

146 3805 194 3858 sed
210 3802 334 3858 universi
349 3803 454 3857 inventi
468 3804 566 3858 auctor
582 3802 746 3870 perhibetur.
