<?xml version="1.0" encoding="UTF-8"?>
<!DOCTYPE html PUBLIC "-//W3C//DTD XHTML 1.0 Transitional//EN"
    "http://www.w3.org/TR/xhtml1/DTD/xhtml1-transitional.dtd">
<html xmlns="http://www.w3.org/1999/xhtml" xml:lang="en" lang="en">
 <head>
  <title>
</title>
<meta http-equiv="Content-Type" content="text/html;charset=utf-8" />
  <meta name='ocr-system' content='tesseract 3.04.00' />
  <meta name='ocr-capabilities' content='ocr_page ocr_carea ocr_par ocr_line ocrx_word'/>
</head>
<body>
  <div class='ocr_page' id='page_1' title='image "./prolegomenaadho05wolfgoog/prolegomenaadho05wolfgoog_0042.png"; bbox 0 0 3048 4588; ppageno 0'>
   <div class='ocr_carea' id='block_1_1' title="bbox 328 348 930 404">
    <p class='ocr_par' dir='ltr' id='par_1_1' title="bbox 328 348 930 404">
     <span class='ocr_line' id='line_1_1' title="bbox 328 348 930 404; baseline 0.002 -10"><span class='ocrx_word' id='word_1_1' title='bbox 328 348 363 404; x_wconf 82' lang='lat'><strong>26</strong></span> <span class='ocrx_word' id='word_1_2' title='bbox 766 350 930 404; x_wconf 77' lang='lat' dir='ltr'><strong>Prolegomena</strong></span> 
     </span>
    </p>
   </div>
   <div class='ocr_carea' id='block_1_2' title="bbox 328 523 1375 1032">
    <p class='ocr_par' dir='ltr' id='par_1_2' title="bbox 328 523 1375 1032">
     <span class='ocr_line' id='line_1_2' title="bbox 328 523 1373 615; baseline 0.001 -23"><span class='ocrx_word' id='word_1_3' title='bbox 328 533 478 594; x_wconf 79' lang='lat' dir='ltr'><strong>retrahere</strong></span> <span class='ocrx_word' id='word_1_4' title='bbox 508 533 546 594; x_wconf 84' lang='lat' dir='ltr'><strong>ad</strong></span> <span class='ocrx_word' id='word_1_5' title='bbox 572 525 796 615; x_wconf 70' lang='grc' dir='ltr'><em>ἀρεσσόμεθο,</em></span> <span class='ocrx_word' id='word_1_6' title='bbox 828 533 877 594; x_wconf 88' lang='lat' dir='ltr'><strong>vel</strong></span> <span class='ocrx_word' id='word_1_7' title='bbox 899 551 938 594; x_wconf 82' lang='lat' dir='ltr'><strong>ex</strong></span> <span class='ocrx_word' id='word_1_8' title='bbox 961 550 1041 611; x_wconf 84' lang='lat' dir='ltr'><strong>seqq.</strong></span> <span class='ocrx_word' id='word_1_9' title='bbox 1064 523 1104 594; x_wconf 78' lang='grc' dir='ltr'><strong>οἵ</strong></span> <span class='ocrx_word' id='word_1_10' title='bbox 1121 525 1158 594; x_wconf 78' lang='grc' dir='ltr'><strong>κε’</strong></span> <span class='ocrx_word' id='word_1_11' title='bbox 1180 533 1269 595; x_wconf 70' lang='grc' dir='ltr'><em>ποθι</em></span> <span class='ocrx_word' id='word_1_12' title='bbox 1291 528 1373 607; x_wconf 81' lang='grc' dir='ltr'><strong><em>Ζεὺς</em></strong></span> 
     </span>
     <span class='ocr_line' id='line_1_3' title="bbox 329 632 1372 720; baseline 0.003 -23"><span class='ocrx_word' id='word_1_13' title='bbox 329 632 443 720; x_wconf 76' lang='grc' dir='ltr'>δῴη*),</span> <span class='ocrx_word' id='word_1_14' title='bbox 466 643 597 715; x_wconf 85' lang='lat' dir='ltr'><strong>spectato</strong></span> <span class='ocrx_word' id='word_1_15' title='bbox 613 639 675 700; x_wconf 90' lang='lat' dir='ltr'><strong>solo</strong></span> <span class='ocrx_word' id='word_1_16' title='bbox 691 657 799 714; x_wconf 89' lang='lat' dir='ltr'><strong>sensu,</strong></span> <span class='ocrx_word' id='word_1_17' title='bbox 819 639 940 716; x_wconf 86' lang='lat' dir='ltr'><strong>aliquod</strong></span> <span class='ocrx_word' id='word_1_18' title='bbox 952 639 1078 698; x_wconf 85' lang='lat' dir='ltr'><strong>verbum</strong></span> <span class='ocrx_word' id='word_1_19' title='bbox 1092 639 1206 716; x_wconf 91' lang='lat' dir='ltr'><strong>primae</strong></span> <span class='ocrx_word' id='word_1_20' title='bbox 1229 658 1372 718; x_wconf 77' lang='lat' dir='ltr'><strong>personae</strong></span> 
     </span>
     <span class='ocr_line' id='line_1_4' title="bbox 329 742 1374 822; baseline 0.005 -21"><span class='ocrx_word' id='word_1_21' title='bbox 329 742 506 820; x_wconf 87' lang='lat' dir='ltr'><strong>exprimere.</strong></span> <span class='ocrx_word' id='word_1_22' title='bbox 550 743 665 804; x_wconf 85' lang='lat' dir='ltr'><strong>Harum</strong></span> <span class='ocrx_word' id='word_1_23' title='bbox 686 745 946 821; x_wconf 89' lang='lat' dir='ltr'><strong>grammaticarum</strong></span> <span class='ocrx_word' id='word_1_24' title='bbox 959 761 1104 804; x_wconf 84' lang='lat' dir='ltr'><strong>venerum</strong></span> <span class='ocrx_word' id='word_1_25' title='bbox 1118 746 1258 822; x_wconf 83' lang='lat' dir='ltr'><strong>exempla</strong></span> <span class='ocrx_word' id='word_1_26' title='bbox 1275 745 1374 806; x_wconf 89' lang='lat' dir='ltr'><strong>adhuc</strong></span> 
     </span>
     <span class='ocr_line' id='line_1_5' title="bbox 330 849 1373 928; baseline 0.002 -20"><span class='ocrx_word' id='word_1_27' title='bbox 330 866 439 926; x_wconf 86' lang='lat' dir='ltr'><strong>quaero</strong></span> <span class='ocrx_word' id='word_1_28' title='bbox 461 849 540 927; x_wconf 91' lang='lat' dir='ltr'><strong>apud</strong></span> <span class='ocrx_word' id='word_1_29' title='bbox 562 850 727 910; x_wconf 88' lang='lat' dir='ltr'><strong>Homerum</strong></span> <span class='ocrx_word' id='word_1_30' title='bbox 748 855 868 926; x_wconf 88' lang='lat' dir='ltr'><strong>praeter</strong></span> <span class='ocrx_word' id='word_1_31' title='bbox 889 867 938 924; x_wconf 87' lang='lat' dir='ltr'><strong>ea,</strong></span> <span class='ocrx_word' id='word_1_32' title='bbox 961 867 1037 926; x_wconf 89' lang='lat' dir='ltr'><strong>quae</strong></span> <span class='ocrx_word' id='word_1_33' title='bbox 1052 851 1119 926; x_wconf 87' lang='lat' dir='ltr'><strong>ipsa</strong></span> <span class='ocrx_word' id='word_1_34' title='bbox 1134 856 1272 927; x_wconf 86' lang='lat' dir='ltr'><strong>suspecta</strong></span> <span class='ocrx_word' id='word_1_35' title='bbox 1287 856 1373 928; x_wconf 90' lang='lat' dir='ltr'><strong>sunt;</strong></span> 
     </span>
     <span class='ocr_line' id='line_1_6' title="bbox 329 948 1375 1032; baseline 0.005 -22"><span class='ocrx_word' id='word_1_36' title='bbox 329 957 364 1011; x_wconf 92' lang='lat' dir='ltr'><strong>ut</strong></span> <span class='ocrx_word' id='word_1_37' title='bbox 386 951 493 1030; x_wconf 89' lang='lat' dir='ltr'><strong>Odyss.</strong></span> <span class='ocrx_word' id='word_1_38' title='bbox 513 948 543 1013; x_wconf 89' lang='lat' dir='ltr'><strong>d.</strong></span> <span class='ocrx_word' id='word_1_39' title='bbox 566 957 653 1030; x_wconf 62' lang='lat'><strong>263„</strong></span> <span class='ocrx_word' id='word_1_40' title='bbox 672 955 725 1014; x_wconf 85' lang='lat' dir='ltr'><strong>ubi</strong></span> <span class='ocrx_word' id='word_1_41' title='bbox 747 954 860 1031; x_wconf 79' lang='lat' dir='ltr'>aliquot</span> <span class='ocrx_word' id='word_1_42' title='bbox 882 954 1018 1014; x_wconf 85' lang='lat' dir='ltr'><strong>codicum</strong></span> <span class='ocrx_word' id='word_1_43' title='bbox 1039 955 1181 1031; x_wconf 89' lang='lat' dir='ltr'><strong>optimam</strong></span> <span class='ocrx_word' id='word_1_44' title='bbox 1196 956 1375 1032; x_wconf 73' lang='lat' dir='ltr'><strong>scripturam</strong></span> 
     </span>
    </p>
   </div>
   <div class='ocr_carea' id='block_1_3' title="bbox 195 1052 1463 3660">
    <p class='ocr_par' dir='ltr' id='par_1_3' title="bbox 195 1052 1463 3660">
     <span class='ocr_line' id='line_1_7' title="bbox 330 1052 1374 1142; baseline 0.004 -24"><span class='ocrx_word' id='word_1_45' title='bbox 330 1052 586 1142; x_wconf 77' lang='grc' dir='ltr'><em>νοσφισσαμένην</em></span> <span class='ocrx_word' id='word_1_46' title='bbox 607 1060 759 1122; x_wconf 77' lang='lat' dir='ltr'><strong>etiamen</strong></span> <span class='ocrx_word' id='word_1_47' title='bbox 781 1059 933 1120; x_wconf 87' lang='lat' dir='ltr'><strong>veteribus</strong></span> <span class='ocrx_word' id='word_1_48' title='bbox 955 1062 1042 1121; x_wconf 84' lang='lat' dir='ltr'><strong>affert</strong></span> <span class='ocrx_word' id='word_1_49' title='bbox 1062 1061 1252 1136; x_wconf 81' lang='lat' dir='ltr'><strong>Eustathius,</strong></span> <span class='ocrx_word' id='word_1_50' title='bbox 1278 1066 1374 1122; x_wconf 86' lang='lat' dir='ltr'><strong>muta-</strong></span> 
     </span>
     <span class='ocr_line' id='line_1_8' title="bbox 195 1143 1375 1245; baseline 0.003 -22"><span class='ocrx_word' id='word_1_51' title='bbox 195 1143 197 1148; x_wconf 83' lang='grc'><strong>’</strong></span> <span class='ocrx_word' id='word_1_52' title='bbox 287 1168 405 1238; x_wconf 77' lang='lat' dir='ltr'><strong>aram,</strong></span> <span class='ocrx_word' id='word_1_53' title='bbox 432 1165 550 1241; x_wconf 85' lang='lat' dir='ltr'><strong>opinor,</strong></span> <span class='ocrx_word' id='word_1_54' title='bbox 581 1165 617 1224; x_wconf 78' lang='lat' dir='ltr'><strong>aa</strong></span> <span class='ocrx_word' id='word_1_55' title='bbox 640 1165 693 1240; x_wconf 77' lang='lat' dir='ltr'><strong>ns,</strong></span> <span class='ocrx_word' id='word_1_56' title='bbox 727 1183 802 1242; x_wconf 78' lang='lat' dir='ltr'><strong>quos</strong></span> <span class='ocrx_word' id='word_1_57' title='bbox 825 1165 970 1226; x_wconf 65' lang='lat' dir='ltr'><strong>summas</strong></span> <span class='ocrx_word' id='word_1_58' title='bbox 992 1162 1113 1245; x_wconf 67' lang='lat' dir='ltr'><strong>noemi</strong></span> <span class='ocrx_word' id='word_1_59' title='bbox 1147 1181 1234 1226; x_wconf 65' lang='lat' dir='ltr'><strong>esus</strong></span> <span class='ocrx_word' id='word_1_60' title='bbox 1262 1165 1375 1226; x_wconf 72' lang='lat' dir='ltr'><strong>diversi</strong></span> 
     </span>
     <span class='ocr_line' id='line_1_9' title="bbox 329 1269 1375 1347; baseline 0.002 -19"><span class='ocrx_word' id='word_1_61' title='bbox 329 1269 451 1345; x_wconf 89' lang='lat' dir='ltr'><strong>generis</strong></span> <span class='ocrx_word' id='word_1_62' title='bbox 466 1269 664 1344; x_wconf 85' lang='lat' dir='ltr'><strong>offenderent,</strong></span> <span class='ocrx_word' id='word_1_63' title='bbox 687 1275 829 1347; x_wconf 87' lang='lat' dir='ltr'><strong>tanquam</strong></span> <span class='ocrx_word' id='word_1_64' title='bbox 843 1270 878 1329; x_wconf 90' lang='lat' dir='ltr'><strong>ll.</strong></span> <span class='ocrx_word' id='word_1_65' title='bbox 891 1289 921 1346; x_wconf 88' lang='grc' dir='ltr'><strong>χ.</strong></span> <span class='ocrx_word' id='word_1_66' title='bbox 939 1271 1010 1331; x_wconf 83' lang='grc'><strong>109.</strong></span> <span class='ocrx_word' id='word_1_67' title='bbox 1055 1270 1117 1330; x_wconf 86' lang='lat' dir='ltr'><strong>Vix</strong></span> <span class='ocrx_word' id='word_1_68' title='bbox 1140 1270 1223 1330; x_wconf 91' lang='lat' dir='ltr'><strong>enim</strong></span> <span class='ocrx_word' id='word_1_69' title='bbox 1237 1275 1375 1330; x_wconf 82' lang='lat' dir='ltr'><strong>veterum</strong></span> 
     </span>
     <span class='ocr_line' id='line_1_10' title="bbox 330 1373 1375 1453; baseline 0.003 -21"><span class='ocrx_word' id='word_1_70' title='bbox 330 1373 440 1451; x_wconf 86' lang='lat' dir='ltr'><strong>aliquis</strong></span> <span class='ocrx_word' id='word_1_71' title='bbox 462 1374 614 1450; x_wconf 79' lang='lat' dir='ltr'><strong>vulgatam</strong></span> <span class='ocrx_word' id='word_1_72' title='bbox 626 1375 743 1451; x_wconf 81' lang='lat' dir='ltr'><strong>vulgari</strong></span> <span class='ocrx_word' id='word_1_73' title='bbox 758 1375 844 1434; x_wconf 92' lang='lat' dir='ltr'><strong>modo</strong></span> <span class='ocrx_word' id='word_1_74' title='bbox 859 1376 994 1452; x_wconf 86' lang='lat' dir='ltr'><strong>accipere</strong></span> <span class='ocrx_word' id='word_1_75' title='bbox 1008 1375 1113 1453; x_wconf 85' lang='lat' dir='ltr'><strong>potuit</strong></span> <span class='ocrx_word' id='word_1_76' title='bbox 1147 1375 1183 1436; x_wconf 90' lang='grc' dir='ltr'><strong>Κ.</strong></span> <span class='ocrx_word' id='word_1_77' title='bbox 1201 1376 1252 1436; x_wconf 82' lang='grc'><strong>57.</strong></span> <span class='ocrx_word' id='word_1_78' title='bbox 1267 1375 1375 1452; x_wconf 83' lang='lat' dir='ltr'><strong>legrmt</strong></span> 
     </span>
     <span class='ocr_line' id='line_1_11' title="bbox 331 1469 1375 1561; baseline 0.001 -23"><span class='ocrx_word' id='word_1_79' title='bbox 331 1477 420 1553; x_wconf 89' lang='lat' dir='ltr'><strong>vulgo</strong></span> <span class='ocrx_word' id='word_1_80' title='bbox 441 1469 546 1539; x_wconf 82' lang='grc' dir='ltr'><em>κείνου</em></span> <span class='ocrx_word' id='word_1_81' title='bbox 568 1471 628 1561; x_wconf 78' lang='grc' dir='ltr'><strong>γάρ</strong></span> <span class='ocrx_word' id='word_1_82' title='bbox 650 1495 686 1538; x_wconf 82' lang='grc' dir='ltr'><strong>κε</strong></span> <span class='ocrx_word' id='word_1_83' title='bbox 705 1472 847 1556; x_wconf 81' lang='grc' dir='ltr'><em>μάλιστα</em></span> <span class='ocrx_word' id='word_1_84' title='bbox 867 1471 1052 1555; x_wconf 70' lang='grc' dir='ltr'><em>πυθοίατο,</em></span> <span class='ocrx_word' id='word_1_85' title='bbox 1076 1481 1110 1539; x_wconf 89' lang='lat' dir='ltr'><strong>in</strong></span> <span class='ocrx_word' id='word_1_86' title='bbox 1124 1497 1182 1557; x_wconf 90' lang='lat' dir='ltr'><strong>quo</strong></span> <span class='ocrx_word' id='word_1_87' title='bbox 1197 1471 1375 1539; x_wconf 70' lang='grc' dir='ltr'><em>πυθέσθαι</em></span> 
     </span>
     <span class='ocr_line' id='line_1_12' title="bbox 331 1582 1377 1662; baseline 0 -18"><span class='ocrx_word' id='word_1_88' title='bbox 331 1588 439 1660; x_wconf 85' lang='lat' dir='ltr'><strong>putant</strong></span> <span class='ocrx_word' id='word_1_89' title='bbox 462 1601 529 1644; x_wconf 90' lang='lat' dir='ltr'><strong>esse</strong></span> <span class='ocrx_word' id='word_1_90' title='bbox 561 1583 673 1644; x_wconf 71' lang='lat' dir='ltr'><strong>obedia</strong></span> <span class='ocrx_word' id='word_1_91' title='bbox 720 1582 804 1658; x_wconf 84' lang='lat' dir='ltr'><strong>Quod</strong></span> <span class='ocrx_word' id='word_1_92' title='bbox 837 1603 930 1661; x_wconf 92' lang='lat' dir='ltr'><strong>quum</strong></span> <span class='ocrx_word' id='word_1_93' title='bbox 953 1603 992 1644; x_wconf 90' lang='lat' dir='ltr'><strong>ne</strong></span> <span class='ocrx_word' id='word_1_94' title='bbox 1012 1583 1226 1661; x_wconf 79' lang='lat' dir='ltr'><strong>Glossographi</strong></span> <span class='ocrx_word' id='word_1_95' title='bbox 1254 1585 1377 1662; x_wconf 90' lang='lat' dir='ltr'><strong>quidem</strong></span> 
     </span>
     <span class='ocr_line' id='line_1_13' title="bbox 331 1687 1463 1765; baseline 0.002 -19"><span class='ocrx_word' id='word_1_96' title='bbox 331 1688 417 1748; x_wconf 88' lang='lat' dir='ltr'><strong>nobis</strong></span> <span class='ocrx_word' id='word_1_97' title='bbox 439 1689 608 1763; x_wconf 80' lang='lat' dir='ltr'><strong>obtrudant,</strong></span> <span class='ocrx_word' id='word_1_98' title='bbox 631 1707 692 1748; x_wconf 92' lang='lat' dir='ltr'><strong>uno</strong></span> <span class='ocrx_word' id='word_1_99' title='bbox 714 1693 794 1748; x_wconf 87' lang='lat' dir='ltr'><strong>certe</strong></span> <span class='ocrx_word' id='word_1_100' title='bbox 816 1688 954 1764; x_wconf 85' lang='lat' dir='ltr'><strong>exemplo</strong></span> <span class='ocrx_word' id='word_1_101' title='bbox 967 1688 1152 1765; x_wconf 87' lang='lat' dir='ltr'><strong>probandum</strong></span> <span class='ocrx_word' id='word_1_102' title='bbox 1166 1693 1237 1748; x_wconf 87' lang='lat' dir='ltr'><strong>erat</strong></span> <span class='ocrx_word' id='word_1_103' title='bbox 1271 1687 1376 1748; x_wconf 80' lang='lat' dir='ltr'><strong>Eusta-</strong></span> <span class='ocrx_word' id='word_1_104' title='bbox 1461 1755 1463 1760; x_wconf 85' lang='lat'><em>.</em></span> 
     </span>
     <span class='ocr_line' id='line_1_14' title="bbox 331 1793 1378 1872; baseline 0.002 -20"><span class='ocrx_word' id='word_1_105' title='bbox 331 1793 430 1867; x_wconf 88' lang='lat' dir='ltr'><strong>thius,</strong></span> <span class='ocrx_word' id='word_1_106' title='bbox 462 1794 534 1871; x_wconf 81' lang='lat' dir='ltr'><strong>quid</strong></span> <span class='ocrx_word' id='word_1_107' title='bbox 567 1795 600 1853; x_wconf 91' lang='lat' dir='ltr'><strong>in</strong></span> <span class='ocrx_word' id='word_1_108' title='bbox 630 1794 716 1855; x_wconf 90' lang='lat' dir='ltr'><strong>libris</strong></span> <span class='ocrx_word' id='word_1_109' title='bbox 746 1795 809 1854; x_wconf 89' lang='lat' dir='ltr'><strong>suis</strong></span> <span class='ocrx_word' id='word_1_110' title='bbox 843 1795 965 1871; x_wconf 82' lang='lat' dir='ltr'><strong>legerit,</strong></span> <span class='ocrx_word' id='word_1_111' title='bbox 995 1799 1188 1872; x_wconf 84' lang='lat' dir='ltr'><strong>quaerentem</strong></span> <span class='ocrx_word' id='word_1_112' title='bbox 1217 1793 1378 1854; x_wconf 80' lang='lat' dir='ltr'><strong>frustratim</strong></span> 
     </span>
     <span class='ocr_line' id='line_1_15' title="bbox 331 1888 1377 1981; baseline 0 -23"><span class='ocrx_word' id='word_1_113' title='bbox 331 1898 456 1958; x_wconf 89' lang='lat' dir='ltr'><strong>molesto</strong></span> <span class='ocrx_word' id='word_1_114' title='bbox 483 1898 535 1958; x_wconf 88' lang='lat' dir='ltr'><strong>illo</strong></span> <span class='ocrx_word' id='word_1_115' title='bbox 561 1891 617 1958; x_wconf 81' lang='grc' dir='ltr'><strong>καὶ</strong></span> <span class='ocrx_word' id='word_1_116' title='bbox 646 1888 726 1981; x_wconf 73' lang='grc' dir='ltr'><strong><em>ἑξῆς.</em></strong></span> <span class='ocrx_word' id='word_1_117' title='bbox 771 1899 946 1973; x_wconf 76' lang='lat' dir='ltr'><strong>Enimvero,</strong></span> <span class='ocrx_word' id='word_1_118' title='bbox 977 1900 1003 1958; x_wconf 89' lang='lat' dir='ltr'><strong>si</strong></span> <span class='ocrx_word' id='word_1_119' title='bbox 1025 1900 1068 1958; x_wconf 89' lang='lat' dir='ltr'><strong>ita</strong></span> <span class='ocrx_word' id='word_1_120' title='bbox 1089 1899 1227 1975; x_wconf 83' lang='lat' dir='ltr'><strong>legisset,</strong></span> <span class='ocrx_word' id='word_1_121' title='bbox 1250 1904 1312 1958; x_wconf 86' lang='lat' dir='ltr'><strong>tam</strong></span> <span class='ocrx_word' id='word_1_122' title='bbox 1331 1899 1377 1958; x_wconf 89' lang='lat' dir='ltr'><strong>in-</strong></span> 
     </span>
     <span class='ocr_line' id='line_1_16' title="bbox 330 2003 1378 2081; baseline 0.002 -19"><span class='ocrx_word' id='word_1_123' title='bbox 330 2003 462 2064; x_wconf 89' lang='lat' dir='ltr'><strong>auditam</strong></span> <span class='ocrx_word' id='word_1_124' title='bbox 491 2005 740 2081; x_wconf 85' lang='lat' dir='ltr'><strong>significationem</strong></span> <span class='ocrx_word' id='word_1_125' title='bbox 770 2022 831 2063; x_wconf 90' lang='lat' dir='ltr'><strong>non</strong></span> <span class='ocrx_word' id='word_1_126' title='bbox 858 2005 1041 2078; x_wconf 73' lang='lat' dir='ltr'><strong>emissurus,</strong></span> <span class='ocrx_word' id='word_1_127' title='bbox 1074 2008 1127 2063; x_wconf 91' lang='lat' dir='ltr'><strong>aut</strong></span> <span class='ocrx_word' id='word_1_128' title='bbox 1159 2003 1230 2063; x_wconf 87' lang='lat' dir='ltr'><strong>alibi</strong></span> <span class='ocrx_word' id='word_1_129' title='bbox 1250 2004 1289 2062; x_wconf 86' lang='lat' dir='ltr'><strong>ad</strong></span> <span class='ocrx_word' id='word_1_130' title='bbox 1310 2022 1378 2064; x_wconf 83' lang='lat' dir='ltr'><strong>eam</strong></span> 
     </span>
     <span class='ocr_line' id='line_1_17' title="bbox 330 2108 1421 2188; baseline 0 -20"><span class='ocrx_word' id='word_1_131' title='bbox 330 2109 482 2169; x_wconf 85' lang='lat' dir='ltr'><strong>rediturus</strong></span> <span class='ocrx_word' id='word_1_132' title='bbox 514 2110 637 2188; x_wconf 89' lang='lat' dir='ltr'><strong>fuisset;</strong></span> <span class='ocrx_word' id='word_1_133' title='bbox 676 2109 707 2168; x_wconf 90' lang='lat' dir='ltr'><strong>id</strong></span> <span class='ocrx_word' id='word_1_134' title='bbox 738 2110 817 2188; x_wconf 91' lang='lat' dir='ltr'><strong>quod</strong></span> <span class='ocrx_word' id='word_1_135' title='bbox 849 2110 933 2170; x_wconf 90' lang='lat' dir='ltr'><strong>nullo</strong></span> <span class='ocrx_word' id='word_1_136' title='bbox 967 2109 1039 2170; x_wconf 87' lang='lat' dir='ltr'><strong>facit</strong></span> <span class='ocrx_word' id='word_1_137' title='bbox 1072 2109 1145 2169; x_wconf 91' lang='lat' dir='ltr'><strong>leco.</strong></span> <span class='ocrx_word' id='word_1_138' title='bbox 1191 2108 1282 2168; x_wconf 83' lang='lat' dir='ltr'><strong>¹Nam</strong></span> <span class='ocrx_word' id='word_1_139' title='bbox 1318 2109 1378 2169; x_wconf 88' lang='lat' dir='ltr'><strong>etsi</strong></span> <span class='ocrx_word' id='word_1_140' title='bbox 1420 2159 1421 2168; x_wconf 73' lang='grc'>,</span> 
     </span>
     <span class='ocr_line' id='line_1_18' title="bbox 331 2206 1377 2292; baseline 0 -18"><span class='ocrx_word' id='word_1_141' title='bbox 331 2233 359 2292; x_wconf 93' lang='lat' dir='ltr'><strong>p.</strong></span> <span class='ocrx_word' id='word_1_142' title='bbox 385 2217 477 2276; x_wconf 88' lang='lat'>1013.</span> <span class='ocrx_word' id='word_1_143' title='bbox 497 2214 517 2273; x_wconf 91' lang='lat' dir='ltr'><strong>l.</strong></span> <span class='ocrx_word' id='word_1_144' title='bbox 538 2215 587 2274; x_wconf 81' lang='lat'><strong>55.</strong></span> <span class='ocrx_word' id='word_1_145' title='bbox 614 2215 652 2274; x_wconf 89' lang='lat' dir='ltr'><strong>ad</strong></span> <span class='ocrx_word' id='word_1_146' title='bbox 676 2232 705 2273; x_wconf 87' lang='lat' dir='ltr'><strong>o:</strong></span> <span class='ocrx_word' id='word_1_147' title='bbox 729 2216 800 2274; x_wconf 81' lang='lat'><strong>224.</strong></span> <span class='ocrx_word' id='word_1_148' title='bbox 832 2206 1009 2274; x_wconf 74' lang='grc' dir='ltr'><em>πυθέσθαι</em></span> <span class='ocrx_word' id='word_1_149' title='bbox 1041 2231 1111 2274; x_wconf 91' lang='lat' dir='ltr'><strong>cum</strong></span> <span class='ocrx_word' id='word_1_150' title='bbox 1140 2214 1273 2290; x_wconf 87' lang='lat' dir='ltr'><strong>genitivo</strong></span> <span class='ocrx_word' id='word_1_151' title='bbox 1308 2231 1377 2274; x_wconf 89' lang='lat' dir='ltr'><strong>eon·</strong></span> 
     </span>
     <span class='ocr_line' id='line_1_19' title="bbox 333 2319 1378 2397; baseline -0.002 -17"><span class='ocrx_word' id='word_1_152' title='bbox 333 2324 480 2380; x_wconf 73' lang='lat' dir='ltr'><strong>suuomm</strong></span> <span class='ocrx_word' id='word_1_153' title='bbox 499 2321 541 2380; x_wconf 88' lang='lat' dir='ltr'><strong>ita</strong></span> <span class='ocrx_word' id='word_1_154' title='bbox 563 2326 659 2395; x_wconf 85' lang='lat' dir='ltr'><strong>notat,</strong></span> <span class='ocrx_word' id='word_1_155' title='bbox 681 2326 716 2382; x_wconf 92' lang='lat' dir='ltr'><strong>ut</strong></span> <span class='ocrx_word' id='word_1_156' title='bbox 738 2326 768 2382; x_wconf 91' lang='lat' dir='ltr'><strong>et</strong></span> <span class='ocrx_word' id='word_1_157' title='bbox 789 2320 861 2380; x_wconf 90' lang='lat' dir='ltr'><strong>alibi</strong></span> <span class='ocrx_word' id='word_1_158' title='bbox 882 2321 920 2380; x_wconf 87' lang='lat' dir='ltr'><strong>de</strong></span> <span class='ocrx_word' id='word_1_159' title='bbox 936 2338 970 2380; x_wconf 88' lang='lat' dir='ltr'><strong>eo</strong></span> <span class='ocrx_word' id='word_1_160' title='bbox 984 2337 1096 2397; x_wconf 88' lang='lat' dir='ltr'><strong>genere</strong></span> <span class='ocrx_word' id='word_1_161' title='bbox 1114 2320 1268 2380; x_wconf 88' lang='lat' dir='ltr'><strong>monuisse</strong></span> <span class='ocrx_word' id='word_1_162' title='bbox 1284 2319 1378 2396; x_wconf 90' lang='lat' dir='ltr'><strong>signi·</strong></span> 
     </span>
     <span class='ocr_line' id='line_1_20' title="bbox 332 2425 1379 2503; baseline 0.003 -19"><span class='ocrx_word' id='word_1_163' title='bbox 332 2426 415 2501; x_wconf 82' lang='lat' dir='ltr'><strong>ficet,</strong></span> <span class='ocrx_word' id='word_1_164' title='bbox 438 2426 471 2484; x_wconf 88' lang='lat' dir='ltr'><strong>id</strong></span> <span class='ocrx_word' id='word_1_165' title='bbox 491 2443 553 2485; x_wconf 91' lang='lat' dir='ltr'><strong>non</strong></span> <span class='ocrx_word' id='word_1_166' title='bbox 574 2427 706 2503; x_wconf 86' lang='lat' dir='ltr'><strong>pertinet</strong></span> <span class='ocrx_word' id='word_1_167' title='bbox 726 2426 765 2486; x_wconf 88' lang='lat' dir='ltr'><strong>ad</strong></span> <span class='ocrx_word' id='word_1_168' title='bbox 782 2427 846 2486; x_wconf 81' lang='lat' dir='ltr'><strong>rim</strong></span> <span class='ocrx_word' id='word_1_169' title='bbox 866 2425 1017 2494; x_wconf 68' lang='lat' dir='ltr'><strong>olodtndr&#39;,</strong></span> <span class='ocrx_word' id='word_1_170' title='bbox 1046 2425 1100 2486; x_wconf 89' lang='lat' dir='ltr'><strong>sed</strong></span> <span class='ocrx_word' id='word_1_171' title='bbox 1129 2425 1303 2501; x_wconf 68' lang='grc' dir='ltr'><em>οοοοοοοοονν</em></span> <span class='ocrx_word' id='word_1_172' title='bbox 1324 2442 1379 2487; x_wconf 88' lang='lat' dir='ltr'><strong>seu</strong></span> 
     </span>
     <span class='ocr_line' id='line_1_21' title="bbox 332 2528 1379 2609; baseline -0.003 -19"><span class='ocrx_word' id='word_1_173' title='bbox 332 2532 478 2602; x_wconf 74' lang='lat' dir='ltr'><strong>audimdi,</strong></span> <span class='ocrx_word' id='word_1_174' title='bbox 509 2531 547 2590; x_wconf 93' lang='lat' dir='ltr'><strong>de</strong></span> <span class='ocrx_word' id='word_1_175' title='bbox 569 2550 629 2609; x_wconf 85' lang='lat' dir='ltr'><strong>qua</strong></span> <span class='ocrx_word' id='word_1_176' title='bbox 650 2549 722 2592; x_wconf 86' lang='lat' dir='ltr'><strong>sane</strong></span> <span class='ocrx_word' id='word_1_177' title='bbox 743 2531 860 2593; x_wconf 77' lang='lat' dir='ltr'><strong>dixerat</strong></span> <span class='ocrx_word' id='word_1_178' title='bbox 881 2548 909 2606; x_wconf 92' lang='lat' dir='ltr'><strong>p.</strong></span> <span class='ocrx_word' id='word_1_179' title='bbox 934 2531 1006 2590; x_wconf 85' lang='lat'><strong>655.</strong></span> <span class='ocrx_word' id='word_1_180' title='bbox 1028 2529 1048 2588; x_wconf 94' lang='lat' dir='ltr'><strong>l.</strong></span> <span class='ocrx_word' id='word_1_181' title='bbox 1072 2532 1123 2588; x_wconf 78' lang='lat'><strong>42.</strong></span> <span class='ocrx_word' id='word_1_182' title='bbox 1168 2528 1266 2606; x_wconf 83' lang='lat' dir='ltr'><strong>Igitur</strong></span> <span class='ocrx_word' id='word_1_183' title='bbox 1288 2530 1379 2588; x_wconf 86' lang='lat' dir='ltr'><strong>etiam</strong></span> 
     </span>
     <span class='ocr_line' id='line_1_22' title="bbox 332 2631 1389 2706; baseline -0.002 -8"><span class='ocrx_word' id='word_1_184' title='bbox 332 2631 507 2698; x_wconf 82' lang='lat' dir='ltr'><strong>Eustathius</strong></span> <span class='ocrx_word' id='word_1_185' title='bbox 544 2636 735 2696; x_wconf 81' lang='lat' dir='ltr'><strong>correctionis</strong></span> <span class='ocrx_word' id='word_1_186' title='bbox 777 2641 894 2696; x_wconf 91' lang='lat' dir='ltr'><strong>nostrae</strong></span> <span class='ocrx_word' id='word_1_187' title='bbox 930 2635 1100 2706; x_wconf 81' lang='lat' dir='ltr'><strong>auctoribus</strong></span> <span class='ocrx_word' id='word_1_188' title='bbox 1132 2634 1287 2695; x_wconf 88' lang='lat' dir='ltr'><strong>addendus</strong></span> <span class='ocrx_word' id='word_1_189' title='bbox 1324 2639 1389 2704; x_wconf 60' lang='lat' dir='ltr'><strong>est,</strong></span> 
     </span>
     <span class='ocr_line' id='line_1_23' title="bbox 334 2734 1380 2816; baseline -0.003 -15"><span class='ocrx_word' id='word_1_190' title='bbox 334 2741 450 2802; x_wconf 77' lang='lat' dir='ltr'><strong>Clarius</strong></span> <span class='ocrx_word' id='word_1_191' title='bbox 481 2741 562 2800; x_wconf 91' lang='lat' dir='ltr'><strong>idem</strong></span> <span class='ocrx_word' id='word_1_192' title='bbox 585 2742 739 2800; x_wconf 85' lang='lat' dir='ltr'><strong>confirmat</strong></span> <span class='ocrx_word' id='word_1_193' title='bbox 769 2745 901 2800; x_wconf 87' lang='lat' dir='ltr'><strong>nostram</strong></span> <span class='ocrx_word' id='word_1_194' title='bbox 935 2740 1095 2800; x_wconf 87' lang='lat' dir='ltr'><strong>lectionem</strong></span> <span class='ocrx_word' id='word_1_195' title='bbox 1116 2734 1144 2798; x_wconf 80' lang='lat' dir='ltr'><strong>l.</strong></span> <span class='ocrx_word' id='word_1_196' title='bbox 1171 2744 1237 2816; x_wconf 90' lang='lat'>11.‚</span> <span class='ocrx_word' id='word_1_197' title='bbox 1268 2739 1321 2799; x_wconf 89' lang='lat' dir='ltr'><strong>ubi</strong></span> <span class='ocrx_word' id='word_1_198' title='bbox 1346 2739 1380 2798; x_wconf 89' lang='lat' dir='ltr'><strong>in</strong></span> 
     </span>
     <span class='ocr_line' id='line_1_24' title="bbox 333 2835 1380 2924; baseline -0.002 -18"><span class='ocrx_word' id='word_1_199' title='bbox 333 2847 455 2924; x_wconf 83' lang='lat' dir='ltr'><strong>vulgata</strong></span> <span class='ocrx_word' id='word_1_200' title='bbox 475 2848 601 2907; x_wconf 83' lang='lat' dir='ltr'><strong>verbum</strong></span> <span class='ocrx_word' id='word_1_201' title='bbox 623 2835 711 2906; x_wconf 70' lang='lat' dir='ltr'><strong>eden</strong></span> <span class='ocrx_word' id='word_1_202' title='bbox 733 2865 803 2906; x_wconf 88' lang='lat' dir='ltr'><strong>cum</strong></span> <span class='ocrx_word' id='word_1_203' title='bbox 825 2845 924 2906; x_wconf 84' lang='lat' dir='ltr'><strong>dative</strong></span> <span class='ocrx_word' id='word_1_204' title='bbox 952 2846 1138 2922; x_wconf 84' lang='lat' dir='ltr'><strong>iungebatur.</strong></span> <span class='ocrx_word' id='word_1_205' title='bbox 1183 2844 1220 2904; x_wconf 93' lang='lat' dir='ltr'><strong>Id</strong></span> <span class='ocrx_word' id='word_1_206' title='bbox 1241 2845 1274 2903; x_wconf 88' lang='lat' dir='ltr'><strong>in</strong></span> <span class='ocrx_word' id='word_1_207' title='bbox 1297 2844 1380 2904; x_wconf 89' lang='lat' dir='ltr'><strong>simi-</strong></span> 
     </span>
     <span class='ocr_line' id='line_1_25' title="bbox 332 2942 1379 3032; baseline -0.003 -21"><span class='ocrx_word' id='word_1_208' title='bbox 332 2951 429 3024; x_wconf 88' lang='lat' dir='ltr'><strong>libus,</strong></span> <span class='ocrx_word' id='word_1_209' title='bbox 458 2948 622 3032; x_wconf 77' lang='lat' dir='ltr'><strong>yaywveir‚</strong></span> <span class='ocrx_word' id='word_1_210' title='bbox 649 2942 844 3026; x_wconf 74' lang='grc' dir='ltr'><em>νέκλεσθσι,</em></span> <span class='ocrx_word' id='word_1_211' title='bbox 874 2944 1013 3010; x_wconf 65' lang='grc' dir='ltr'><em>κολούειν</em></span> <span class='ocrx_word' id='word_1_212' title='bbox 1039 2949 1177 3025; x_wconf 87' lang='lat' dir='ltr'><strong>solitum,</strong></span> <span class='ocrx_word' id='word_1_213' title='bbox 1211 2967 1250 3008; x_wconf 88' lang='lat' dir='ltr'><strong>an</strong></span> <span class='ocrx_word' id='word_1_214' title='bbox 1272 2949 1305 3008; x_wconf 90' lang='lat' dir='ltr'><strong>in</strong></span> <span class='ocrx_word' id='word_1_215' title='bbox 1327 2948 1379 3008; x_wconf 93' lang='lat' dir='ltr'><strong>illo</strong></span> 
     </span>
     <span class='ocr_line' id='line_1_26' title="bbox 333 3055 1379 3134; baseline -0.004 -18"><span class='ocrx_word' id='word_1_216' title='bbox 333 3074 451 3134; x_wconf 91' lang='lat' dir='ltr'><strong>quoque</strong></span> <span class='ocrx_word' id='word_1_217' title='bbox 484 3057 628 3116; x_wconf 88' lang='lat' dir='ltr'><strong>usitatum</strong></span> <span class='ocrx_word' id='word_1_218' title='bbox 663 3057 717 3131; x_wconf 83' lang='lat' dir='ltr'><strong>sit,</strong></span> <span class='ocrx_word' id='word_1_219' title='bbox 748 3055 943 3116; x_wconf 79' lang='lat' dir='ltr'><strong>vehementer</strong></span> <span class='ocrx_word' id='word_1_220' title='bbox 976 3055 1091 3132; x_wconf 89' lang='lat' dir='ltr'><strong>dubito;</strong></span> <span class='ocrx_word' id='word_1_221' title='bbox 1125 3055 1255 3114; x_wconf 90' lang='lat' dir='ltr'><strong>Homero</strong></span> <span class='ocrx_word' id='word_1_222' title='bbox 1277 3059 1379 3114; x_wconf 84' lang='lat' dir='ltr'><strong>autem</strong></span> 
     </span>
     <span class='ocr_line' id='line_1_27' title="bbox 333 3159 1380 3239; baseline -0.004 -17"><span class='ocrx_word' id='word_1_223' title='bbox 333 3162 477 3228; x_wconf 87' lang='lat' dir='ltr'><strong>usitatum</strong></span> <span class='ocrx_word' id='word_1_224' title='bbox 500 3179 560 3220; x_wconf 88' lang='lat' dir='ltr'><strong>non</strong></span> <span class='ocrx_word' id='word_1_225' title='bbox 581 3179 649 3222; x_wconf 87' lang='lat' dir='ltr'><strong>esse</strong></span> <span class='ocrx_word' id='word_1_226' title='bbox 665 3162 760 3222; x_wconf 88' lang='lat' dir='ltr'><strong>video.</strong></span> <span class='ocrx_word' id='word_1_227' title='bbox 806 3161 912 3239; x_wconf 89' lang='lat' dir='ltr'><strong>Neque</strong></span> <span class='ocrx_word' id='word_1_228' title='bbox 927 3161 983 3221; x_wconf 86' lang='lat' dir='ltr'><strong>hac</strong></span> <span class='ocrx_word' id='word_1_229' title='bbox 996 3179 1057 3220; x_wconf 89' lang='lat' dir='ltr'><strong>una</strong></span> <span class='ocrx_word' id='word_1_230' title='bbox 1072 3159 1233 3220; x_wconf 87' lang='lat' dir='ltr'><strong>insolentia</strong></span> <span class='ocrx_word' id='word_1_231' title='bbox 1246 3159 1380 3219; x_wconf 86' lang='lat' dir='ltr'><strong>laborare</strong></span> 
     </span>
     <span class='ocr_line' id='line_1_28' title="bbox 333 3264 1380 3344; baseline 0 -18"><span class='ocrx_word' id='word_1_232' title='bbox 333 3284 471 3344; x_wconf 79' lang='lat' dir='ltr'><strong>versum,</strong></span> <span class='ocrx_word' id='word_1_233' title='bbox 500 3268 635 3326; x_wconf 86' lang='lat' dir='ltr'><strong>numeris</strong></span> <span class='ocrx_word' id='word_1_234' title='bbox 664 3269 801 3328; x_wconf 87' lang='lat' dir='ltr'><strong>assuetae</strong></span> <span class='ocrx_word' id='word_1_235' title='bbox 831 3284 918 3328; x_wconf 87' lang='lat' dir='ltr'><strong>aures</strong></span> <span class='ocrx_word' id='word_1_236' title='bbox 946 3266 1061 3326; x_wconf 85' lang='lat' dir='ltr'><strong>docent.</strong></span> <span class='ocrx_word' id='word_1_237' title='bbox 1106 3264 1153 3326; x_wconf 84' lang='lat' dir='ltr'><strong>llx</strong></span> <span class='ocrx_word' id='word_1_238' title='bbox 1182 3265 1241 3326; x_wconf 87' lang='lat' dir='ltr'><strong>alio</strong></span> <span class='ocrx_word' id='word_1_239' title='bbox 1267 3282 1380 3341; x_wconf 85' lang='lat' dir='ltr'><strong>genere</strong></span> 
     </span>
     <span class='ocr_line' id='line_1_29' title="bbox 333 3369 1380 3448; baseline 0 -18"><span class='ocrx_word' id='word_1_240' title='bbox 333 3372 425 3432; x_wconf 83' lang='lat' dir='ltr'><strong>falsae</strong></span> <span class='ocrx_word' id='word_1_241' title='bbox 448 3371 601 3448; x_wconf 87' lang='lat' dir='ltr'><strong>analogiae</strong></span> <span class='ocrx_word' id='word_1_242' title='bbox 623 3372 717 3432; x_wconf 88' lang='lat' dir='ltr'><strong>forma</strong></span> <span class='ocrx_word' id='word_1_243' title='bbox 746 3376 808 3430; x_wconf 90' lang='lat' dir='ltr'><strong>erat</strong></span> <span class='ocrx_word' id='word_1_244' title='bbox 831 3389 856 3428; x_wconf 95' lang='grc' dir='ltr'><strong>ν.</strong></span> <span class='ocrx_word' id='word_1_245' title='bbox 878 3373 968 3445; x_wconf 81' lang='grc'><strong>485.,</strong></span> <span class='ocrx_word' id='word_1_246' title='bbox 997 3371 1068 3430; x_wconf 86' lang='lat' dir='ltr'><strong>hine</strong></span> <span class='ocrx_word' id='word_1_247' title='bbox 1090 3370 1123 3430; x_wconf 91' lang='lat' dir='ltr'><strong>in</strong></span> <span class='ocrx_word' id='word_1_248' title='bbox 1152 3370 1267 3432; x_wconf 86' lang='lat' dir='ltr'><strong>indices</strong></span> <span class='ocrx_word' id='word_1_249' title='bbox 1289 3369 1380 3430; x_wconf 88' lang='lat' dir='ltr'><strong>diale-</strong></span> 
     </span>
     <span class='ocr_line' id='line_1_30' title="bbox 334 3467 1382 3558; baseline -0.002 -22"><span class='ocrx_word' id='word_1_250' title='bbox 334 3482 449 3536; x_wconf 90' lang='lat' dir='ltr'><strong>ctorum</strong></span> <span class='ocrx_word' id='word_1_251' title='bbox 480 3477 587 3552; x_wconf 84' lang='lat' dir='ltr'><strong>relata,</strong></span> <span class='ocrx_word' id='word_1_252' title='bbox 620 3467 841 3558; x_wconf 72' lang='grc' dir='ltr'><em>γεγενοίμεθα.</em></span> <span class='ocrx_word' id='word_1_253' title='bbox 899 3474 977 3550; x_wconf 83' lang='lat' dir='ltr'><strong>Nos,</strong></span> <span class='ocrx_word' id='word_1_254' title='bbox 1014 3480 1046 3534; x_wconf 94' lang='lat' dir='ltr'><strong>et</strong></span> <span class='ocrx_word' id='word_1_255' title='bbox 1077 3493 1136 3535; x_wconf 90' lang='lat' dir='ltr'><strong>usu</strong></span> <span class='ocrx_word' id='word_1_256' title='bbox 1169 3479 1201 3534; x_wconf 88' lang='lat' dir='ltr'><strong>et</strong></span> <span class='ocrx_word' id='word_1_257' title='bbox 1232 3473 1382 3535; x_wconf 88' lang='lat' dir='ltr'><strong>sententia</strong></span> 
     </span>
     <span class='ocr_line' id='line_1_31' title="bbox 334 3571 1381 3660; baseline -0.002 -18"><span class='ocrx_word' id='word_1_258' title='bbox 334 3587 492 3658; x_wconf 88' lang='lat' dir='ltr'><strong>poscente,</strong></span> <span class='ocrx_word' id='word_1_259' title='bbox 521 3601 561 3642; x_wconf 86' lang='lat' dir='ltr'><strong>ex</strong></span> <span class='ocrx_word' id='word_1_260' title='bbox 586 3581 724 3658; x_wconf 87' lang='lat' dir='ltr'><strong>pluribus</strong></span> <span class='ocrx_word' id='word_1_261' title='bbox 746 3580 829 3640; x_wconf 91' lang='lat' dir='ltr'><strong>codd.</strong></span> <span class='ocrx_word' id='word_1_262' title='bbox 857 3579 994 3640; x_wconf 85' lang='lat' dir='ltr'><strong>dedimus</strong></span> <span class='ocrx_word' id='word_1_263' title='bbox 1024 3597 1059 3660; x_wconf 77' lang='lat' dir='ltr'><strong>ys</strong></span> <span class='ocrx_word' id='word_1_264' title='bbox 1087 3571 1272 3660; x_wconf 76' lang='grc' dir='ltr'><em>γενοίμεθα.</em></span> <span class='ocrx_word' id='word_1_265' title='bbox 1317 3578 1381 3640; x_wconf 83' lang='lat' dir='ltr'><strong>Soi-</strong></span> 
     </span>
    </p>
   </div>
   <div class='ocr_carea' id='block_1_4' title="bbox 336 3739 1382 3904">
    <p class='ocr_par' dir='ltr' id='par_1_4' title="bbox 336 3739 1382 3904">
     <span class='ocr_line' id='line_1_32' title="bbox 424 3739 1382 3812; baseline -0.011 -10"><span class='ocrx_word' id='word_1_266' title='bbox 424 3744 467 3812; x_wconf 85' lang='lat'><strong>[*)</strong></span> <span class='ocrx_word' id='word_1_267' title='bbox 486 3745 532 3800; x_wconf 78' lang='lat' dir='ltr'><strong>sie</strong></span> <span class='ocrx_word' id='word_1_268' title='bbox 552 3745 639 3800; x_wconf 83' lang='lat' dir='ltr'><strong>edidit</strong></span> <span class='ocrx_word' id='word_1_269' title='bbox 650 3744 767 3798; x_wconf 87' lang='lat' dir='ltr'><strong>Wolfius</strong></span> <span class='ocrx_word' id='word_1_270' title='bbox 785 3761 809 3797; x_wconf 88' lang='lat' dir='ltr'><strong>a.</strong></span> <span class='ocrx_word' id='word_1_271' title='bbox 828 3742 913 3810; x_wconf 67' lang='lat'>1794,</span> <span class='ocrx_word' id='word_1_272' title='bbox 933 3758 987 3796; x_wconf 91' lang='lat' dir='ltr'><strong>non</strong></span> <span class='ocrx_word' id='word_1_273' title='bbox 1006 3741 1076 3812; x_wconf 61' lang='lat' dir='ltr'><strong>sep,</strong></span> <span class='ocrx_word' id='word_1_274' title='bbox 1095 3742 1128 3794; x_wconf 92' lang='lat' dir='ltr'><strong>ut</strong></span> <span class='ocrx_word' id='word_1_275' title='bbox 1144 3755 1284 3808; x_wconf 88' lang='lat' dir='ltr'><strong>perperam</strong></span> <span class='ocrx_word' id='word_1_276' title='bbox 1303 3739 1382 3792; x_wconf 83' lang='lat' dir='ltr'><strong>exhi-</strong></span> 
     </span>
     <span class='ocr_line' id='line_1_33' title="bbox 336 3821 1189 3904; baseline -0.007 -18"><span class='ocrx_word' id='word_1_277' title='bbox 336 3832 402 3886; x_wconf 90' lang='lat' dir='ltr'><strong>bent</strong></span> <span class='ocrx_word' id='word_1_278' title='bbox 418 3832 541 3904; x_wconf 83' lang='lat' dir='ltr'><strong>Prolegg.</strong></span> <span class='ocrx_word' id='word_1_279' title='bbox 560 3833 700 3888; x_wconf 86' lang='lat' dir='ltr'><strong>editiones.</strong></span> <span class='ocrx_word' id='word_1_280' title='bbox 737 3831 835 3886; x_wconf 84' lang='lat' dir='ltr'><strong>Postea</strong></span> <span class='ocrx_word' id='word_1_281' title='bbox 853 3821 962 3884; x_wconf 89' lang='lat' dir='ltr'><strong>demum</strong></span> <span class='ocrx_word' id='word_1_282' title='bbox 981 3827 1091 3896; x_wconf 86' lang='lat' dir='ltr'><strong>scripsit</strong></span> <span class='ocrx_word' id='word_1_283' title='bbox 1110 3826 1189 3898; x_wconf 70' lang='lat' dir='ltr'><strong>detq]</strong></span> 
     </span>
    </p>
   </div>
   <div class='ocr_carea' id='block_1_5' title="bbox 0 0 1539 4588">
    <p class='ocr_par' dir='ltr' id='par_1_5' title="bbox 0 0 1539 4588">
     <span class='ocr_line' id='line_1_34' title="bbox 0 0 1539 4588; baseline 0 0"><span class='ocrx_word' id='word_1_284' title='bbox 0 0 1539 4588; x_wconf 95' lang='lat' dir='ltr'><strong> </strong></span> 
     </span>
    </p>
   </div>
  </div>
 </body>
</html>
