2980 4576
561 325 723 380 Prologomona.

550 506 728 572 XXXIII.

204 627 294 686 Nunc
315 645 386 687 varo
405 628 481 687 nihi]
504 647 579 705 opus
600 635 647 689 est
662 631 847 690 oonieoturas
868 649 982 707 capere.
1028 633 1161 692 Historia

115 732 257 808 loquitur.
302 732 379 791 Nam
401 752 460 792 vox
480 735 571 793 totius
592 736 779 812 antiquitatis
802 741 847 811 et,
875 737 902 795 si
925 754 1072 796 summam
1095 755 1161 814 spe-

115 843 193 910 otoS,
217 839 408 896 consentiens
431 839 509 897 fama
531 845 674 914 testatur,
698 843 878 898 stannatum
895 843 1025 898 Carmana
1047 843 1165 900 Homeri

111 942 236 1014 promum
260 945 429 1018 oonriqnassa
451 944 566 1016 ἰάλλοντα,
597 949 623 1001 τό
650 946 681 1000 iu
710 965 770 1002 ιιινι
791 947 912 1002 ordonum
933 947 1077 1020 ναάοριεια,
1108 965 1160 1020 quo

114 1066 186 1103 ιταιτυ
210 1047 345 1122 aquator.
390 1049 454 1108 Ηοο
482 1050 632 1126 posterius
660 1050 778 1124 Oioem,
807 1050 971 1109 Pausanias
1000 1056 1031 1109 ot
1052 1035 1168 1126 reliqui

115 1169 235 1225 omnes,
255 1153 309 1229 qui
327 1154 508 1213 mentionem
530 1155 574 1214 rai
597 1155 725 1228 faciunt,
748 1155 855 1214 iisdem
878 1173 970 1233 propo
992 1155 1091 1214 verbis
1107 1149 1111 1235 ή
1129 1160 1160 1214 at
1170 1167 1220 1218 143

114 1263 148 1314 ut
181 1257 274 1333 vulgo
311 1259 501 1318 notissimum
541 1255 747 1340 perhibenti).
803 1261 863 1320 Sed
900 1262 1046 1338 quomodo
1068 1261 1159 1320 hano

184 1423 213 1486 5)
237 1420 290 1474 Cio.
311 1421 344 1474 do
359 1419 429 1475 Orat.
444 1421 495 1489 ΠΙ,
508 1421 550 1474 34.
589 1421 656 1490 ρυλε
674 1421 778 1474 doctior
795 1421 890 1474 iisdem
909 1421 965 1473 illis
984 1421 1158 1489 temporibus,

114 1515 164 1560 aut
181 1507 262 1560 ouius
280 1507 434 1573 ολοηιιοιιλιιι
453 1507 551 1560 litteras
568 1509 729 1562 instruetur
746 1508 834 1574 fuisse
851 1507 986 1575 truditur,
1012 1523 1093 1575 ρααιιτ
1111 1509 1159 1561 Pi-

113 1593 244 1648 sistruto'?
263 1595 310 1661 ραι
318 1594 426 1661 primus
441 1594 555 1648 Homeri
574 1593 670 1662 libros,
690 1597 817 1662 confusos
830 1602 926 1662 antea,
945 1597 984 1647 sic
995 1595 1161 1663 disposuisse

113 1682 233 1748 dicitur,
259 1687 290 1734 ut
308 1697 382 1734 παντο
399 1683 536 1735 habmus.
573 1684 689 1738 Pausan.
707 1684 772 1748 VH,
792 1684 833 1738 26.
852 1701 877 1753 p.
897 1684 956 1738 594.
993 1689 1160 1754 Πεισίστρα-

113 1790 160 1829 τος
179 1771 234 1836 ἔπη
260 1771 294 1822 τὰ
309 1766 429 1840 Ὁμήρου
452 1771 646 1840 διεσπασμένα
664 1789 692 1824 τε
716 1775 763 1823 καὶ
782 1772 862 1839 [άλλα
879 1771 960 1826 inser.
980 1788 1043 1824 oum
1060 1771 1160 1826 Sohae-

114 1859 170 1912 foro
191 1859 226 1912 ad
246 1858 328 1928 Long.
348 1876 373 1927 p.
394 1857 465 1924 363]
485 1859 605 1927 ἀλλαχοῦ
622 1858 853 1929 μνημονευόμενα
877 1860 1025 1928 ἠθροίζετο.
1053 1859 1159 1929 Ioseph.

115 1963 136 1999 0.
148 1946 246 2014 Apion.
257 1946 279 2004 Ι,
290 1945 314 1998 2.
334 1949 428 1998 &uuir
447 1947 511 1998 οὐδὲ
524 1941 647 2014 Ὅμηρον
665 1947 695 1998 ἓν
706 1947 854 2016 γράμμασι
873 1946 922 2010 τὴν
940 1948 1025 1998 αὑτοῦ
1044 1952 1166 2014 ποίησιν

114 2035 291 2094 καταλιπεῖν,
320 2032 388 2082 ἀλλά
416 2033 714 2101 διαμνημονευομένην
745 2034 774 2084 ἐκ
800 2035 854 2086 τῶν
881 2029 1015 2102 ᾀσμάτων
1046 2035 1161 2104 ὕστερον

116 2121 296 2185 συντεθῆναι,
316 2118 445 2171 videlicet
464 2135 480 2172 a
498 2118 650 2173 Pisistrato.
668 2118 771 2174 Aelian.
792 2119 824 2171 V.
843 2119 877 2172 H.
897 2119 983 2188 XIII,
1004 2119 1043 2172 14.
1063 2115 1160 2173 Ὕστε-

115 2227 163 2276 ρον
178 2211 383 2274 Πεισίστρατος
401 2206 580 2275 συναγαγὼν,
600 2206 727 2275 ἀπέφηνε
747 2207 796 2270 τήν
810 2201 914 2260 Ἰλιάδα
931 2210 977 2258 καὶ
996 2208 1045 2272 τὴν
1063 2203 1160 2260 Ὀδύσ-

116 2310 201 2348 σειαν.
224 2293 319 2347 Liban.
333 2293 466 2362 Panegyr.
489 2294 518 2346 in
530 2292 628 2347 Iulian.
648 2293 675 2346 I.
690 2293 712 2347 I.
726 2311 751 2362 p.
768 2293 825 2346 170.
847 2293 937 2346 Roisk.
956 2299 1160 2364 Πεισίστρατον

115 2383 287 2452 ἐπαινοῦμεν
305 2382 374 2449 ὑπὲρ
387 2389 433 2447 τῆς
445 2383 500 2434 τῶν
513 2375 622 2449 Ὁμήρῳ
640 2385 837 2450 πεποιημένων
856 2383 996 2450 συλλογῆς.
1020 2381 1117 2437 Suidas
1131 2402 1158 2436 v.

5 2495 6 2504 ι
110 2463 245 2538 Ὄμηροςῑ
268 2463 402 2538 Ὕστερον
427 2471 559 2533 συνετέθη
578 2469 624 2518 καὶ
643 2469 800 2536 συνετάχθη
819 2468 874 2519 ὑπὸ
894 2471 1015 2532 πολλῶν,
1040 2472 1086 2530 καὶ
1104 2473 1159 2540 μά-

114 2559 194 2608 λιστα
213 2557 270 2608 ὑπὸ
288 2557 507 2624 Πεισιστράτου,
533 2557 584 2606 τοῦ
602 2550 756 2621 Ἀθηναίων
780 2557 921 2624 τυράννου.
946 2556 1069 2610 Eustath.
1088 2575 1113 2625 p.
1134 2560 1157 2612 5,

110 2641 168 2698 Ὅτι
186 2644 218 2698 ἓν
235 2648 289 2716 μέν
309 2663 336 2695 τι
356 2646 436 2713 σῶμα
454 2643 566 2711 συνεχὲς
583 2642 680 2696 διόλου
697 2645 743 2694 καὶ
762 2644 936 2712 εὐάρμοστον
950 2646 966 2710 ή
980 2653 1027 2710 τῆς
1043 2640 1160 2705 Ἰλιάδος

114 2739 243 2800 ποίησις’
270 2733 298 2783 οἱ
316 2731 346 2784 δὲ
364 2734 531 2800 συνθέμενοι
550 2729 662 2795 ταύτην,
689 2730 745 2781 κατ’
766 2731 912 2799 ἐπιταγήν,
934 2731 969 2790 ὥς
986 2747 1072 2799 φασι,
1091 2739 1159 2786 Πει-

115 2822 266 2890 σιστράτου
281 2851 328 2870 -,
352 2817 488 2886 Anonymi
507 2835 548 2886 ap.
567 2816 648 2870 Allat.
667 2816 685 2870 l.
703 2834 725 2870 0.
751 2817 792 2868 Τὰ
811 2817 842 2870 δὲ
861 2819 1004 2888 ποιήματα
1023 2821 1108 2872 αὐτοῦ
1125 2822 1159 2872 τὰ

2 2955 6 2970 ,
114 2909 216 2974 ἀληθῆ,
238 2905 464 2975 (s1000d.Irips.)
485 2904 631 2974 σποράδην
647 2904 782 2974 πρότερον
801 2899 937 2974 ᾀδόμενα,
957 2912 1159 2976 Πεισίστρατος

3 2979 4 2984 ¹
108 2997 255 3062 Ἀθηναῖος
280 2995 460 3053 συνέταξε-
479 2991 601 3060 Περιϊδνν
625 2992 673 3050 τὰς
698 2991 792 3050 πόλεις
804 2985 924 3061 Ὅμηρος
949 2986 996 3065 ᾖδε
1025 2995 1058 3046 τὰ
1077 2997 1158 3060 ποιή-

114 3100 202 3150 ματα·
223 3085 337 3151 ὕστερον
355 3082 386 3134 δὲ
398 3086 600 3148 Πεισίστρατος
619 3080 686 3132 αὐτὰ
707 3080 873 3148 συνήγαγεν,
894 3082 929 3139 ὡς
941 3085 973 3132 τό
992 3083 1158 3154 ἐπίγραμμα

115 3175 196 3225 τοῦτο
215 3172 308 3237 δηλοῖ,
332 3165 480 3240 Ἀθήνησιν
503 3170 746 3238 ἐπιγεγραμμένον
771 3168 800 3220 ἐν
818 3169 901 3221 εἰκόνι
923 3169 1006 3220 αὐτοῦ
1023 3171 1073 3222 τοῦ
1091 3176 1158 3223 Πει-

116 3261 278 3330 σιστράτου·

223 3351 289 3415 Τρίς
305 3364 341 3416 με
359 3345 565 3415 τυραννήσαντα
584 3344 749 3402 τοσαυτάκις
767 3321 887 3404 ἐξεδίιόξε

290 3433 378 3502 δῆμος
394 3427 589 3502 Ἐρεχθειδῶν,
607 3433 654 3482 καὶ
674 3433 732 3499 τρὶς
750 3431 939 3494 ἐπεσπάσατο,

219 3521 268 3574 τὸν
285 3524 377 3589 μέγαν
394 3521 424 3572 ἐν
440 3521 551 3586 βουλαῖς
569 3522 785 3587 Πεισίστρατον·
806 3517 835 3576 ὃς
852 3513 1037 3588 τὸνὍμηρον

290 3611 422 3676 ήθροισα,
442 3606 588 3676 σποράδην
606 3605 636 3656 τὸ
655 3607 723 3673 πρὶν
741 3606 912 3675 ἀειδόμενον.

220 3699 349 3765 ἡμέτερος
366 3695 420 3766 γὰρ
437 3700 527 3753 κεῖνος
546 3695 561 3744 ὁ
576 3694 695 3763 χρύσεος
713 3687 746 3760 ἦν
764 3695 903 3760 πολιήτης,

290 3785 368 3852 εἴπερ
379 3777 523 3848 Ἀθηναῖοι
541 3781 675 3848 Σμύρναν
693 3784 876 3850 ἐπῳκίσαμεν.
