<?xml version="1.0" encoding="UTF-8"?>
<!DOCTYPE html PUBLIC "-//W3C//DTD XHTML 1.0 Transitional//EN"
    "http://www.w3.org/TR/xhtml1/DTD/xhtml1-transitional.dtd">
<html xmlns="http://www.w3.org/1999/xhtml" xml:lang="en" lang="en">
 <head>
  <title>
</title>
<meta http-equiv="Content-Type" content="text/html;charset=utf-8" />
  <meta name='ocr-system' content='tesseract 3.04.00' />
  <meta name='ocr-capabilities' content='ocr_page ocr_carea ocr_par ocr_line ocrx_word'/>
</head>
<body>
  <div class='ocr_page' id='page_1' title='image "./prolegomenaadho05wolfgoog/prolegomenaadho05wolfgoog_0230.png"; bbox 0 0 2984 4580; ppageno 0'>
   <div class='ocr_carea' id='block_1_1' title="bbox 805 505 863 571">
    <p class='ocr_par' dir='ltr' id='par_1_1' title="bbox 805 505 863 571">
     <span class='ocr_line' id='line_1_1' title="bbox 805 505 863 571; baseline -0.121 1"><span class='ocrx_word' id='word_1_1' title='bbox 805 505 863 571; x_wconf 90' lang='lat' dir='ltr'>LI.</span> 
     </span>
    </p>
   </div>
   <div class='ocr_carea' id='block_1_2' title="bbox 248 644 1362 1360">
    <p class='ocr_par' dir='ltr' id='par_1_2' title="bbox 309 644 1360 937">
     <span class='ocr_line' id='line_1_2' title="bbox 398 644 1359 720; baseline 0.002 -16"><span class='ocrx_word' id='word_1_2' title='bbox 398 645 486 705; x_wconf 89' lang='lat' dir='ltr'>Nunc</span> <span class='ocrx_word' id='word_1_3' title='bbox 508 646 596 706; x_wconf 89' lang='lat' dir='ltr'>nobis</span> <span class='ocrx_word' id='word_1_4' title='bbox 618 663 698 704; x_wconf 93' lang='lat' dir='ltr'>unus</span> <span class='ocrx_word' id='word_1_5' title='bbox 720 649 815 705; x_wconf 90' lang='lat' dir='ltr'>restat</span> <span class='ocrx_word' id='word_1_6' title='bbox 835 663 852 704; x_wconf 90' lang='lat' dir='ltr'>e</span> <span class='ocrx_word' id='word_1_7' title='bbox 875 644 994 704; x_wconf 82' lang='lat' dir='ltr'>Criticis</span> <span class='ocrx_word' id='word_1_8' title='bbox 1016 645 1224 720; x_wconf 90' lang='lat' dir='ltr'>nobilioribus,</span> <span class='ocrx_word' id='word_1_9' title='bbox 1254 645 1359 706; x_wconf 86' lang='lat' dir='ltr'>Grates</span> 
     </span>
     <span class='ocr_line' id='line_1_3' title="bbox 309 750 1360 829; baseline 0.001 -19"><span class='ocrx_word' id='word_1_10' title='bbox 309 751 462 825; x_wconf 81' lang='lat' dir='ltr'>Mallotes,</span> <span class='ocrx_word' id='word_1_11' title='bbox 492 751 544 829; x_wconf 90' lang='lat' dir='ltr'>qui</span> <span class='ocrx_word' id='word_1_12' title='bbox 574 769 592 809; x_wconf 87' lang='lat' dir='ltr'>a</span> <span class='ocrx_word' id='word_1_13' title='bbox 621 750 768 825; x_wconf 73' lang='lat' dir='ltr'>singulari</span> <span class='ocrx_word' id='word_1_14' title='bbox 798 750 896 809; x_wconf 91' lang='lat' dir='ltr'>studio</span> <span class='ocrx_word' id='word_1_15' title='bbox 925 754 1030 827; x_wconf 73' lang='lat' dir='ltr'>poetae</span> <span class='ocrx_word' id='word_1_16' title='bbox 1052 750 1229 810; x_wconf 80' lang='lat' dir='ltr'>Homericus</span> <span class='ocrx_word' id='word_1_17' title='bbox 1259 751 1360 811; x_wconf 88' lang='lat' dir='ltr'>dictus</span> 
     </span>
     <span class='ocr_line' id='line_1_4' title="bbox 310 850 1359 937; baseline -0.002 -21"><span class='ocrx_word' id='word_1_18' title='bbox 310 860 369 931; x_wconf 92' lang='lat' dir='ltr'>est,</span> <span class='ocrx_word' id='word_1_19' title='bbox 400 855 566 916; x_wconf 71' lang='lat' dir='ltr'><strong>Aristarchi</strong></span> <span class='ocrx_word' id='word_1_20' title='bbox 596 855 678 915; x_wconf 90' lang='lat' dir='ltr'>idem</span> <span class='ocrx_word' id='word_1_21' title='bbox 706 854 845 914; x_wconf 89' lang='lat' dir='ltr'>aemulus</span> <span class='ocrx_word' id='word_1_22' title='bbox 867 859 898 915; x_wconf 93' lang='lat' dir='ltr'>et</span> <span class='ocrx_word' id='word_1_23' title='bbox 919 855 1108 914; x_wconf 89' lang='lat' dir='ltr'>adversarius</span> <span class='ocrx_word' id='word_1_24' title='bbox 1131 850 1359 937; x_wconf 78' lang='lat' dir='ltr'>acerrimus⁶³).</span> 
     </span>
    </p>

    <p class='ocr_par' dir='ltr' id='par_1_3' title="bbox 248 953 1362 1360">
     <span class='ocr_line' id='line_1_5' title="bbox 250 953 1361 1036; baseline 0 -16"><span class='ocrx_word' id='word_1_25' title='bbox 250 953 252 958; x_wconf 66' lang='grc'>’</span> <span class='ocrx_word' id='word_1_26' title='bbox 308 961 340 1021; x_wconf 91' lang='lat' dir='ltr'>Is</span> <span class='ocrx_word' id='word_1_27' title='bbox 369 961 501 1020; x_wconf 91' lang='lat' dir='ltr'>scholam</span> <span class='ocrx_word' id='word_1_28' title='bbox 532 959 652 1020; x_wconf 90' lang='lat' dir='ltr'>videtur</span> <span class='ocrx_word' id='word_1_29' title='bbox 685 959 855 1019; x_wconf 89' lang='lat' dir='ltr'>condidisse</span> <span class='ocrx_word' id='word_1_30' title='bbox 884 959 1036 1036; x_wconf 80' lang='lat' dir='ltr'>Pergami,</span> <span class='ocrx_word' id='word_1_31' title='bbox 1071 960 1201 1020; x_wconf 81' lang='lat' dir='ltr'>similem</span> <span class='ocrx_word' id='word_1_32' title='bbox 1230 961 1361 1021; x_wconf 91' lang='lat' dir='ltr'>Aristar-</span> 
     </span>
     <span class='ocr_line' id='line_1_6' title="bbox 309 1060 1361 1142; baseline -0.001 -16"><span class='ocrx_word' id='word_1_33' title='bbox 309 1066 413 1140; x_wconf 88' lang='lat' dir='ltr'>cheae,</span> <span class='ocrx_word' id='word_1_34' title='bbox 438 1083 494 1126; x_wconf 90' lang='lat' dir='ltr'>nec</span> <span class='ocrx_word' id='word_1_35' title='bbox 516 1065 618 1124; x_wconf 91' lang='lat' dir='ltr'>minus</span> <span class='ocrx_word' id='word_1_36' title='bbox 640 1065 789 1124; x_wconf 78' lang='lat' dir='ltr'>celebrem</span> <span class='ocrx_word' id='word_1_37' title='bbox 811 1064 970 1142; x_wconf 90' lang='lat' dir='ltr'>discipulis</span> <span class='ocrx_word' id='word_1_38' title='bbox 979 1060 1031 1139; x_wconf 73' lang='grc'>64).</span> <span class='ocrx_word' id='word_1_39' title='bbox 1075 1065 1154 1125; x_wconf 87' lang='lat' dir='ltr'>Nam</span> <span class='ocrx_word' id='word_1_40' title='bbox 1176 1070 1211 1125; x_wconf 91' lang='lat' dir='ltr'>ut</span> <span class='ocrx_word' id='word_1_41' title='bbox 1232 1067 1269 1125; x_wconf 89' lang='lat' dir='ltr'>ab</span> <span class='ocrx_word' id='word_1_42' title='bbox 1291 1067 1361 1126; x_wconf 92' lang='lat' dir='ltr'>Ari-</span> 
     </span>
     <span class='ocr_line' id='line_1_7' title="bbox 248 1165 1362 1250; baseline 0.002 -22"><span class='ocrx_word' id='word_1_43' title='bbox 248 1171 454 1249; x_wconf 71' lang='lat' dir='ltr'>aristophane</span> <span class='ocrx_word' id='word_1_44' title='bbox 478 1176 549 1229; x_wconf 90' lang='lat' dir='ltr'>sunt</span> <span class='ocrx_word' id='word_1_45' title='bbox 570 1169 796 1248; x_wconf 84' lang='lat' dir='ltr'>Aristophanei,</span> <span class='ocrx_word' id='word_1_46' title='bbox 818 1171 855 1229; x_wconf 91' lang='lat' dir='ltr'>ab</span> <span class='ocrx_word' id='word_1_47' title='bbox 877 1171 1049 1230; x_wconf 69' lang='lat' dir='ltr'>Aristarcho</span> <span class='ocrx_word' id='word_1_48' title='bbox 1070 1170 1267 1246; x_wconf 74' lang='lat' dir='ltr'>Aristarchei,</span> <span class='ocrx_word' id='word_1_49' title='bbox 1290 1165 1293 1250; x_wconf 75' lang='grc'><strong>1</strong></span> <span class='ocrx_word' id='word_1_50' title='bbox 1317 1171 1362 1231; x_wconf 87' lang='lat' dir='ltr'>ita</span> 
     </span>
     <span class='ocr_line' id='line_1_8' title="bbox 310 1274 1361 1360; baseline -0.001 -23"><span class='ocrx_word' id='word_1_51' title='bbox 310 1275 439 1337; x_wconf 85' lang='lat' dir='ltr'>Cratetei</span> <span class='ocrx_word' id='word_1_52' title='bbox 461 1275 651 1352; x_wconf 86' lang='lat' dir='ltr'>appellantur</span> <span class='ocrx_word' id='word_1_53' title='bbox 670 1274 825 1360; x_wconf 91' lang='lat' dir='ltr'>nonnulli,</span> <span class='ocrx_word' id='word_1_54' title='bbox 848 1275 957 1352; x_wconf 91' lang='lat' dir='ltr'>quibus</span> <span class='ocrx_word' id='word_1_55' title='bbox 980 1281 1012 1335; x_wconf 92' lang='lat' dir='ltr'>et</span> <span class='ocrx_word' id='word_1_56' title='bbox 1030 1275 1106 1352; x_wconf 91' lang='lat' dir='ltr'>ipsis</span> <span class='ocrx_word' id='word_1_57' title='bbox 1128 1275 1361 1338; x_wconf 79' lang='lat' dir='ltr'>aemulationem</span> 
     </span>
    </p>
   </div>
   <div class='ocr_carea' id='block_1_3' title="bbox 308 1375 1363 1982">
    <p class='ocr_par' dir='ltr' id='par_1_4' title="bbox 308 1375 1363 1982">
     <span class='ocr_line' id='line_1_9' title="bbox 309 1375 1360 1462; baseline -0.001 -21"><span class='ocrx_word' id='word_1_58' title='bbox 309 1387 340 1441; x_wconf 90' lang='lat' dir='ltr'>et</span> <span class='ocrx_word' id='word_1_59' title='bbox 361 1381 524 1441; x_wconf 84' lang='lat' dir='ltr'>certamina</span> <span class='ocrx_word' id='word_1_60' title='bbox 551 1379 719 1457; x_wconf 89' lang='lat' dir='ltr'>reperimus</span> <span class='ocrx_word' id='word_1_61' title='bbox 747 1379 842 1439; x_wconf 83' lang='lat' dir='ltr'>firisse</span> <span class='ocrx_word' id='word_1_62' title='bbox 870 1399 940 1439; x_wconf 88' lang='lat' dir='ltr'>eum</span> <span class='ocrx_word' id='word_1_63' title='bbox 965 1375 1228 1462; x_wconf 54' lang='lat' dir='ltr'>Aristarcheisffl).</span> <span class='ocrx_word' id='word_1_64' title='bbox 1272 1381 1360 1442; x_wconf 74' lang='lat' dir='ltr'>Post</span> 
     </span>
     <span class='ocr_line' id='line_1_10' title="bbox 309 1485 1361 1565; baseline 0.001 -20"><span class='ocrx_word' id='word_1_65' title='bbox 309 1505 399 1565; x_wconf 87' lang='lat' dir='ltr'>quam</span> <span class='ocrx_word' id='word_1_66' title='bbox 422 1485 505 1544; x_wconf 92' lang='lat' dir='ltr'>enim</span> <span class='ocrx_word' id='word_1_67' title='bbox 533 1503 620 1561; x_wconf 86' lang='lat' dir='ltr'>reges</span> <span class='ocrx_word' id='word_1_68' title='bbox 642 1486 822 1544; x_wconf 85' lang='lat' dir='ltr'>animosiore</span> <span class='ocrx_word' id='word_1_69' title='bbox 846 1485 945 1544; x_wconf 85' lang='lat' dir='ltr'>studia</span> <span class='ocrx_word' id='word_1_70' title='bbox 966 1486 1145 1563; x_wconf 86' lang='lat' dir='ltr'>expulerant</span> <span class='ocrx_word' id='word_1_71' title='bbox 1168 1504 1207 1545; x_wconf 87' lang='lat' dir='ltr'>ex</span> <span class='ocrx_word' id='word_1_72' title='bbox 1230 1486 1361 1546; x_wconf 86' lang='lat' dir='ltr'>civitati-</span> 
     </span>
     <span class='ocr_line' id='line_1_11' title="bbox 308 1589 1363 1665; baseline 0.001 -14"><span class='ocrx_word' id='word_1_73' title='bbox 308 1593 366 1651; x_wconf 88' lang='lat' dir='ltr'>bus</span> <span class='ocrx_word' id='word_1_74' title='bbox 384 1590 577 1665; x_wconf 80' lang='lat' dir='ltr'>Graecorum,</span> <span class='ocrx_word' id='word_1_75' title='bbox 599 1609 682 1650; x_wconf 91' lang='lat' dir='ltr'>amor</span> <span class='ocrx_word' id='word_1_76' title='bbox 704 1589 930 1650; x_wconf 80' lang='lat' dir='ltr'>contentionum</span> <span class='ocrx_word' id='word_1_77' title='bbox 951 1591 985 1648; x_wconf 94' lang='lat' dir='ltr'>in</span> <span class='ocrx_word' id='word_1_78' title='bbox 1007 1591 1124 1650; x_wconf 90' lang='lat' dir='ltr'>scholas</span> <span class='ocrx_word' id='word_1_79' title='bbox 1139 1591 1305 1650; x_wconf 89' lang='lat' dir='ltr'>Rhetorum</span> <span class='ocrx_word' id='word_1_80' title='bbox 1328 1597 1363 1652; x_wconf 90' lang='lat' dir='ltr'>et</span> 
     </span>
     <span class='ocr_line' id='line_1_12' title="bbox 310 1694 1361 1772; baseline 0 -16"><span class='ocrx_word' id='word_1_81' title='bbox 310 1694 575 1757; x_wconf 80' lang='lat' dir='ltr'>Grammaticorum</span> <span class='ocrx_word' id='word_1_82' title='bbox 601 1695 753 1771; x_wconf 85' lang='lat' dir='ltr'>migravit,</span> <span class='ocrx_word' id='word_1_83' title='bbox 782 1699 827 1769; x_wconf 88' lang='lat' dir='ltr'>et,</span> <span class='ocrx_word' id='word_1_84' title='bbox 857 1694 903 1754; x_wconf 90' lang='lat' dir='ltr'>uti</span> <span class='ocrx_word' id='word_1_85' title='bbox 925 1695 996 1754; x_wconf 91' lang='lat' dir='ltr'>olim</span> <span class='ocrx_word' id='word_1_86' title='bbox 1017 1696 1055 1756; x_wconf 91' lang='lat' dir='ltr'>de</span> <span class='ocrx_word' id='word_1_87' title='bbox 1077 1695 1248 1772; x_wconf 89' lang='lat' dir='ltr'>principatu</span> <span class='ocrx_word' id='word_1_88' title='bbox 1271 1697 1304 1754; x_wconf 91' lang='lat' dir='ltr'>in</span> <span class='ocrx_word' id='word_1_89' title='bbox 1326 1715 1361 1757; x_wconf 89' lang='lat' dir='ltr'>re</span> 
     </span>
     <span class='ocr_line' id='line_1_13' title="bbox 309 1787 1361 1878; baseline 0.002 -19"><span class='ocrx_word' id='word_1_90' title='bbox 309 1799 440 1878; x_wconf 89' lang='lat' dir='ltr'>publica,</span> <span class='ocrx_word' id='word_1_91' title='bbox 467 1801 509 1860; x_wconf 87' lang='lat' dir='ltr'>ita</span> <span class='ocrx_word' id='word_1_92' title='bbox 529 1818 611 1860; x_wconf 89' lang='lat' dir='ltr'>nuno</span> <span class='ocrx_word' id='word_1_93' title='bbox 633 1800 670 1860; x_wconf 96' lang='lat' dir='ltr'>de</span> <span class='ocrx_word' id='word_1_94' title='bbox 693 1799 897 1875; x_wconf 83' lang='lat' dir='ltr'>grammaticis</span> <span class='ocrx_word' id='word_1_95' title='bbox 920 1799 1158 1878; x_wconf 87' lang='lat' dir='ltr'>quaestiunculis</span> <span class='ocrx_word' id='word_1_96' title='bbox 1181 1787 1361 1878; x_wconf 70' lang='lat' dir='ltr'>grauissime</span> 
     </span>
     <span class='ocr_line' id='line_1_14' title="bbox 308 1887 1362 1982; baseline 0.002 -18"><span class='ocrx_word' id='word_1_97' title='bbox 308 1906 388 1964; x_wconf 88' lang='lat' dir='ltr'>inter</span> <span class='ocrx_word' id='word_1_98' title='bbox 417 1923 451 1964; x_wconf 92' lang='lat' dir='ltr'>se</span> <span class='ocrx_word' id='word_1_99' title='bbox 482 1910 641 1964; x_wconf 86' lang='lat' dir='ltr'>certarunt.</span> <span class='ocrx_word' id='word_1_100' title='bbox 664 1955 666 1960; x_wconf 96' lang='lat'>.</span> <span class='ocrx_word' id='word_1_101' title='bbox 687 1905 732 1964; x_wconf 91' lang='lat' dir='ltr'>Ao</span> <span class='ocrx_word' id='word_1_102' title='bbox 763 1905 883 1964; x_wconf 88' lang='lat' dir='ltr'>videtur</span> <span class='ocrx_word' id='word_1_103' title='bbox 913 1905 1034 1982; x_wconf 87' lang='lat' dir='ltr'>quidem</span> <span class='ocrx_word' id='word_1_104' title='bbox 1049 1887 1166 1965; x_wconf 62' lang='lat' dir='ltr'>‘Crates</span> <span class='ocrx_word' id='word_1_105' title='bbox 1188 1906 1362 1966; x_wconf 81' lang='lat' dir='ltr'>Aristarcho</span> 
     </span>
    </p>
   </div>
   <div class='ocr_carea' id='block_1_4' title="bbox 201 2116 1363 3065">
    <p class='ocr_par' dir='ltr' id='par_1_5' title="bbox 309 2116 1363 2540">
     <span class='ocr_line' id='line_1_15' title="bbox 397 2116 1361 2190; baseline -0.001 -13"><span class='ocrx_word' id='word_1_106' title='bbox 397 2123 442 2190; x_wconf 82' lang='grc'>63)</span> <span class='ocrx_word' id='word_1_107' title='bbox 465 2121 563 2176; x_wconf 85' lang='lat' dir='ltr'>Suidas</span> <span class='ocrx_word' id='word_1_108' title='bbox 582 2138 657 2176; x_wconf 84' lang='lat' dir='ltr'>voco.</span> <span class='ocrx_word' id='word_1_109' title='bbox 678 2121 789 2188; x_wconf 80' lang='grc' dir='ltr'><em>Κράτης</em></span> <span class='ocrx_word' id='word_1_110' title='bbox 809 2122 836 2173; x_wconf 90' lang='lat' dir='ltr'>et</span> <span class='ocrx_word' id='word_1_111' title='bbox 850 2116 1032 2190; x_wconf 82' lang='grc' dir='ltr'><em>Ἀρίσταρχος.</em></span> <span class='ocrx_word' id='word_1_112' title='bbox 1069 2119 1120 2175; x_wconf 90' lang='grc' dir='ltr'>Π10</span> <span class='ocrx_word' id='word_1_113' title='bbox 1140 2121 1198 2175; x_wconf 87' lang='grc'><strong>1000</strong></span> <span class='ocrx_word' id='word_1_114' title='bbox 1217 2122 1242 2174; x_wconf 91' lang='lat' dir='ltr'>ei</span> <span class='ocrx_word' id='word_1_115' title='bbox 1260 2121 1361 2176; x_wconf 88' lang='lat' dir='ltr'>tribui-</span> 
     </span>
     <span class='ocr_line' id='line_1_16' title="bbox 309 2203 1363 2280; baseline -0.002 -16"><span class='ocrx_word' id='word_1_116' title='bbox 309 2213 354 2264; x_wconf 88' lang='lat' dir='ltr'>tur</span> <span class='ocrx_word' id='word_1_117' title='bbox 371 2210 522 2280; x_wconf 72' lang='grc' dir='ltr'><strong><em>διόρθωσις</em></strong></span> <span class='ocrx_word' id='word_1_118' title='bbox 537 2204 655 2268; x_wconf 55' lang='lat' dir='ltr'>’Iliados</span> <span class='ocrx_word' id='word_1_119' title='bbox 669 2211 716 2260; x_wconf 81' lang='grc' dir='ltr'>καὶ</span> <span class='ocrx_word' id='word_1_120' title='bbox 732 2203 895 2266; x_wconf 74' lang='grc' dir='ltr'><strong><em>Ὀδυσσείας</em></strong></span> <span class='ocrx_word' id='word_1_121' title='bbox 911 2209 940 2260; x_wconf 70' lang='grc' dir='ltr'>ἐν</span> <span class='ocrx_word' id='word_1_122' title='bbox 958 2210 1075 2274; x_wconf 77' lang='grc' dir='ltr'><strong><em>βιβλίοις</em></strong></span> <span class='ocrx_word' id='word_1_123' title='bbox 1095 2203 1131 2272; x_wconf 79' lang='lat' dir='ltr'>a&#39;,</span> <span class='ocrx_word' id='word_1_124' title='bbox 1148 2211 1194 2260; x_wconf 86' lang='grc' dir='ltr'>καὶ</span> <span class='ocrx_word' id='word_1_125' title='bbox 1214 2209 1288 2262; x_wconf 75' lang='lat' dir='ltr'>alla.</span> <span class='ocrx_word' id='word_1_126' title='bbox 1327 2209 1363 2262; x_wconf 87' lang='lat' dir='ltr'>In</span> 
     </span>
     <span class='ocr_line' id='line_1_17' title="bbox 309 2295 1361 2364; baseline -0.001 -13"><span class='ocrx_word' id='word_1_127' title='bbox 309 2298 353 2351; x_wconf 92' lang='lat' dir='ltr'>his</span> <span class='ocrx_word' id='word_1_128' title='bbox 377 2299 470 2356; x_wconf 76' lang='grc' dir='ltr'><strong><em>ἄλλοις</em></strong></span> <span class='ocrx_word' id='word_1_129' title='bbox 493 2297 616 2362; x_wconf 78' lang='lat' dir='ltr'>hierimt,</span> <span class='ocrx_word' id='word_1_130' title='bbox 641 2297 673 2348; x_wconf 88' lang='lat' dir='ltr'>ut</span> <span class='ocrx_word' id='word_1_131' title='bbox 696 2295 802 2364; x_wconf 88' lang='lat' dir='ltr'>opinor,</span> <span class='ocrx_word' id='word_1_132' title='bbox 828 2295 907 2364; x_wconf 89' lang='lat' dir='ltr'>plura</span> <span class='ocrx_word' id='word_1_133' title='bbox 930 2296 965 2350; x_wconf 89' lang='lat' dir='ltr'>ad</span> <span class='ocrx_word' id='word_1_134' title='bbox 989 2295 1131 2350; x_wconf 87' lang='lat' dir='ltr'>historiam</span> <span class='ocrx_word' id='word_1_135' title='bbox 1157 2298 1184 2348; x_wconf 90' lang='lat' dir='ltr'>et</span> <span class='ocrx_word' id='word_1_136' title='bbox 1207 2295 1361 2350; x_wconf 87' lang='lat' dir='ltr'>doctrinam</span> 
     </span>
     <span class='ocr_line' id='line_1_18' title="bbox 309 2377 1360 2452; baseline -0.004 -14"><span class='ocrx_word' id='word_1_137' title='bbox 309 2386 449 2452; x_wconf 76' lang='lat' dir='ltr'>poetarum</span> <span class='ocrx_word' id='word_1_138' title='bbox 467 2382 641 2452; x_wconf 79' lang='lat' dir='ltr'>pertinentia,</span> <span class='ocrx_word' id='word_1_139' title='bbox 661 2383 768 2451; x_wconf 82' lang='lat' dir='ltr'>etopus</span> <span class='ocrx_word' id='word_1_140' title='bbox 786 2384 851 2452; x_wconf 82' lang='grc' dir='ltr'>περὶ</span> <span class='ocrx_word' id='word_1_141' title='bbox 869 2383 917 2448; x_wconf 80' lang='grc' dir='ltr'>τῆς</span> <span class='ocrx_word' id='word_1_142' title='bbox 929 2377 1205 2448; x_wconf 75' lang='grc' dir='ltr'><strong><em>Ἀττικῆςδιαλέκτου</em></strong></span> <span class='ocrx_word' id='word_1_143' title='bbox 1219 2399 1241 2436; x_wconf 85' lang='lat' dir='ltr'>s.</span> <span class='ocrx_word' id='word_1_144' title='bbox 1256 2385 1360 2446; x_wconf 81' lang='grc' dir='ltr'><strong><em>λέξεως,</em></strong></span> 
     </span>
     <span class='ocr_line' id='line_1_19' title="bbox 311 2468 1133 2540; baseline -0.001 -15"><span class='ocrx_word' id='word_1_145' title='bbox 311 2470 389 2525; x_wconf 85' lang='lat' dir='ltr'>ouius</span> <span class='ocrx_word' id='word_1_146' title='bbox 410 2472 536 2540; x_wconf 89' lang='lat' dir='ltr'>quintum</span> <span class='ocrx_word' id='word_1_147' title='bbox 552 2470 654 2524; x_wconf 91' lang='lat' dir='ltr'>librum</span> <span class='ocrx_word' id='word_1_148' title='bbox 672 2468 775 2538; x_wconf 78' lang='lat' dir='ltr'>excitat</span> <span class='ocrx_word' id='word_1_149' title='bbox 792 2469 890 2524; x_wconf 90' lang='lat' dir='ltr'>Athen.</span> <span class='ocrx_word' id='word_1_150' title='bbox 910 2469 961 2524; x_wconf 90' lang='lat' dir='ltr'>XI.</span> <span class='ocrx_word' id='word_1_151' title='bbox 980 2487 1006 2538; x_wconf 89' lang='lat' dir='ltr'>p.</span> <span class='ocrx_word' id='word_1_152' title='bbox 1023 2469 1083 2523; x_wconf 83' lang='grc'><strong>497.</strong></span> <span class='ocrx_word' id='word_1_153' title='bbox 1102 2469 1133 2524; x_wconf 84' lang='lat' dir='ltr'>E.</span> 
     </span>
    </p>

    <p class='ocr_par' dir='ltr' id='par_1_6' title="bbox 310 2556 1361 2805">
     <span class='ocr_line' id='line_1_20' title="bbox 399 2556 1361 2626; baseline -0.003 -15"><span class='ocrx_word' id='word_1_154' title='bbox 399 2558 444 2624; x_wconf 86' lang='grc'>64)</span> <span class='ocrx_word' id='word_1_155' title='bbox 472 2556 622 2626; x_wconf 84' lang='lat' dir='ltr'>Scripserat</span> <span class='ocrx_word' id='word_1_156' title='bbox 647 2557 680 2609; x_wconf 91' lang='lat' dir='ltr'>de</span> <span class='ocrx_word' id='word_1_157' title='bbox 707 2573 740 2611; x_wconf 88' lang='lat' dir='ltr'>ea</span> <span class='ocrx_word' id='word_1_158' title='bbox 764 2556 935 2611; x_wconf 87' lang='lat' dir='ltr'>Ptolemaeus</span> <span class='ocrx_word' id='word_1_159' title='bbox 957 2556 1082 2611; x_wconf 88' lang='lat' dir='ltr'>Ascalon.</span> <span class='ocrx_word' id='word_1_160' title='bbox 1109 2558 1139 2610; x_wconf 75' lang='grc' dir='ltr'>ἐν</span> <span class='ocrx_word' id='word_1_161' title='bbox 1161 2559 1200 2624; x_wconf 79' lang='grc' dir='ltr'>τῷ</span> <span class='ocrx_word' id='word_1_162' title='bbox 1224 2559 1288 2626; x_wconf 80' lang='grc' dir='ltr'>περὶ</span> <span class='ocrx_word' id='word_1_163' title='bbox 1312 2560 1361 2625; x_wconf 81' lang='grc' dir='ltr'>τῆς</span> 
     </span>
     <span class='ocr_line' id='line_1_21' title="bbox 310 2642 1360 2718; baseline 0.002 -22"><span class='ocrx_word' id='word_1_164' title='bbox 310 2648 480 2718; x_wconf 82' lang='grc' dir='ltr'><strong><em>Κρατητείου</em></strong></span> <span class='ocrx_word' id='word_1_165' title='bbox 498 2647 628 2714; x_wconf 78' lang='grc' dir='ltr'><strong><em>αἱρέσεως</em></strong></span> <span class='ocrx_word' id='word_1_166' title='bbox 645 2643 719 2698; x_wconf 90' lang='lat' dir='ltr'>laud.</span> <span class='ocrx_word' id='word_1_167' title='bbox 738 2644 768 2696; x_wconf 92' lang='lat' dir='ltr'>in</span> <span class='ocrx_word' id='word_1_168' title='bbox 781 2642 869 2698; x_wconf 84' lang='lat' dir='ltr'>Sobel.</span> <span class='ocrx_word' id='word_1_169' title='bbox 889 2645 923 2697; x_wconf 87' lang='lat' dir='ltr'>ad</span> <span class='ocrx_word' id='word_1_170' title='bbox 940 2662 966 2712; x_wconf 80' lang='grc' dir='ltr'><strong>γ.</strong></span> <span class='ocrx_word' id='word_1_171' title='bbox 982 2643 1040 2697; x_wconf 89' lang='grc'><strong>155.</strong></span> <span class='ocrx_word' id='word_1_172' title='bbox 1077 2644 1121 2697; x_wconf 92' lang='lat' dir='ltr'>Ad</span> <span class='ocrx_word' id='word_1_173' title='bbox 1140 2643 1262 2697; x_wconf 87' lang='lat' dir='ltr'>eiusdem</span> <span class='ocrx_word' id='word_1_174' title='bbox 1280 2645 1360 2698; x_wconf 90' lang='lat' dir='ltr'>scho-</span> 
     </span>
     <span class='ocr_line' id='line_1_22' title="bbox 310 2731 1361 2805; baseline -0.002 -20"><span class='ocrx_word' id='word_1_175' title='bbox 310 2732 353 2786; x_wconf 87' lang='lat' dir='ltr'>lae</span> <span class='ocrx_word' id='word_1_176' title='bbox 372 2731 430 2786; x_wconf 82' lang='lat' dir='ltr'>sive</span> <span class='ocrx_word' id='word_1_177' title='bbox 449 2735 538 2786; x_wconf 89' lang='lat' dir='ltr'>sectae</span> <span class='ocrx_word' id='word_1_178' title='bbox 557 2731 744 2787; x_wconf 86' lang='lat' dir='ltr'>auctoritatem</span> <span class='ocrx_word' id='word_1_179' title='bbox 756 2731 837 2785; x_wconf 93' lang='lat' dir='ltr'>unice</span> <span class='ocrx_word' id='word_1_180' title='bbox 851 2732 937 2785; x_wconf 88' lang='lat' dir='ltr'>refero</span> <span class='ocrx_word' id='word_1_181' title='bbox 950 2731 1014 2791; x_wconf 82' lang='grc' dir='ltr'><strong><em>τοὺς</em></strong></span> <span class='ocrx_word' id='word_1_182' title='bbox 1026 2731 1054 2783; x_wconf 71' lang='grc' dir='ltr'>ἐκ</span> <span class='ocrx_word' id='word_1_183' title='bbox 1066 2733 1254 2805; x_wconf 78' lang='grc' dir='ltr'><em>Περγάμου</em></span> <span class='ocrx_word' id='word_1_184' title='bbox 1267 2736 1361 2802; x_wconf 82' lang='grc' dir='ltr'><em>Γραμ-</em></span> 
     </span>
    </p>

    <p class='ocr_par' dir='ltr' id='par_1_7' title="bbox 201 2817 1361 3065">
     <span class='ocr_line' id='line_1_23' title="bbox 201 2817 1361 2890; baseline 0.001 -22"><span class='ocrx_word' id='word_1_185' title='bbox 201 2862 204 2868; x_wconf 94' lang='grc'><strong>.</strong></span> <span class='ocrx_word' id='word_1_186' title='bbox 310 2820 457 2890; x_wconf 82' lang='grc' dir='ltr'><strong><em>ματικούς,</em></strong></span> <span class='ocrx_word' id='word_1_187' title='bbox 476 2821 503 2872; x_wconf 87' lang='lat' dir='ltr'>et</span> <span class='ocrx_word' id='word_1_188' title='bbox 520 2819 584 2878; x_wconf 84' lang='grc' dir='ltr'><strong><em>τοὺς</em></strong></span> <span class='ocrx_word' id='word_1_189' title='bbox 601 2818 857 2889; x_wconf 80' lang='grc' dir='ltr'><strong><em>Περγαμηνοὺς</em></strong></span> <span class='ocrx_word' id='word_1_190' title='bbox 875 2823 995 2878; x_wconf 81' lang='grc' dir='ltr'><strong><em>πίνακας</em></strong></span> <span class='ocrx_word' id='word_1_191' title='bbox 1013 2817 1164 2886; x_wconf 71' lang='lat' dir='ltr'>(cataloyoa</span> <span class='ocrx_word' id='word_1_192' title='bbox 1181 2817 1361 2886; x_wconf 75' lang='lat' dir='ltr'>classicorum</span> 
     </span>
     <span class='ocr_line' id='line_1_24' title="bbox 311 2904 1360 2975; baseline -0.001 -15"><span class='ocrx_word' id='word_1_193' title='bbox 311 2906 487 2974; x_wconf 70' lang='lat' dir='ltr'>scriptoram)</span> <span class='ocrx_word' id='word_1_194' title='bbox 506 2907 577 2974; x_wconf 87' lang='lat' dir='ltr'>apud</span> <span class='ocrx_word' id='word_1_195' title='bbox 595 2906 708 2975; x_wconf 83' lang='lat' dir='ltr'>Dionys.</span> <span class='ocrx_word' id='word_1_196' title='bbox 729 2905 790 2961; x_wconf 88' lang='lat' dir='ltr'>Hal.</span> <span class='ocrx_word' id='word_1_197' title='bbox 807 2906 836 2959; x_wconf 76' lang='grc' dir='ltr'>Τ.</span> <span class='ocrx_word' id='word_1_198' title='bbox 857 2905 890 2960; x_wconf 92' lang='lat' dir='ltr'>V.</span> <span class='ocrx_word' id='word_1_199' title='bbox 909 2905 1000 2960; x_wconf 84' lang='lat' dir='ltr'>Reisk.</span> <span class='ocrx_word' id='word_1_200' title='bbox 1021 2905 1065 2975; x_wconf 91' lang='lat' dir='ltr'>[de</span> <span class='ocrx_word' id='word_1_201' title='bbox 1083 2905 1145 2959; x_wconf 87' lang='lat' dir='ltr'>Din.</span> <span class='ocrx_word' id='word_1_202' title='bbox 1161 2904 1231 2974; x_wconf 83' lang='lat' dir='ltr'>iud]</span> <span class='ocrx_word' id='word_1_203' title='bbox 1255 2923 1282 2974; x_wconf 86' lang='lat' dir='ltr'>p.</span> <span class='ocrx_word' id='word_1_204' title='bbox 1298 2906 1360 2961; x_wconf 87' lang='grc'><strong>636.</strong></span> 
     </span>
     <span class='ocr_line' id='line_1_25' title="bbox 312 2993 1076 3065; baseline -0.004 -16"><span class='ocrx_word' id='word_1_205' title='bbox 312 2995 386 3064; x_wconf 74' lang='grc'><strong>661,</strong></span> <span class='ocrx_word' id='word_1_206' title='bbox 405 2994 453 3048; x_wconf 89' lang='lat' dir='ltr'>ubi</span> <span class='ocrx_word' id='word_1_207' title='bbox 472 2993 598 3065; x_wconf 85' lang='lat' dir='ltr'>Sylburg.</span> <span class='ocrx_word' id='word_1_208' title='bbox 616 2993 688 3050; x_wconf 88' lang='lat' dir='ltr'>male</span> <span class='ocrx_word' id='word_1_209' title='bbox 708 2993 841 3063; x_wconf 80' lang='lat' dir='ltr'>cogitabat</span> <span class='ocrx_word' id='word_1_210' title='bbox 859 2995 893 3048; x_wconf 92' lang='lat' dir='ltr'>de</span> <span class='ocrx_word' id='word_1_211' title='bbox 911 2994 1076 3049; x_wconf 83' lang='lat' dir='ltr'>Aristarcho.</span> 
     </span>
    </p>
   </div>
   <div class='ocr_carea' id='block_1_5' title="bbox 311 3093 1359 3866">
    <p class='ocr_par' dir='ltr' id='par_1_8' title="bbox 311 3093 1359 3866">
     <span class='ocr_line' id='line_1_26' title="bbox 399 3093 1358 3165; baseline -0.004 -14"><span class='ocrx_word' id='word_1_212' title='bbox 399 3097 444 3163; x_wconf 89' lang='grc'>65)</span> <span class='ocrx_word' id='word_1_213' title='bbox 469 3095 509 3150; x_wconf 91' lang='lat' dir='ltr'>Ut</span> <span class='ocrx_word' id='word_1_214' title='bbox 525 3095 659 3151; x_wconf 90' lang='lat' dir='ltr'>Herodico</span> <span class='ocrx_word' id='word_1_215' title='bbox 678 3095 773 3165; x_wconf 86' lang='lat' dir='ltr'>Babyl.</span> <span class='ocrx_word' id='word_1_216' title='bbox 801 3095 834 3148; x_wconf 91' lang='lat' dir='ltr'>de</span> <span class='ocrx_word' id='word_1_217' title='bbox 852 3111 905 3165; x_wconf 89' lang='lat' dir='ltr'>quo</span> <span class='ocrx_word' id='word_1_218' title='bbox 923 3114 949 3151; x_wconf 84' lang='lat' dir='ltr'>v.</span> <span class='ocrx_word' id='word_1_219' title='bbox 969 3095 1042 3150; x_wconf 91' lang='lat' dir='ltr'>Ions.</span> <span class='ocrx_word' id='word_1_220' title='bbox 1061 3094 1087 3150; x_wconf 78' lang='lat' dir='ltr'>S.</span> <span class='ocrx_word' id='word_1_221' title='bbox 1104 3094 1139 3148; x_wconf 88' lang='lat' dir='ltr'>H.</span> <span class='ocrx_word' id='word_1_222' title='bbox 1156 3094 1186 3148; x_wconf 94' lang='lat' dir='ltr'>P.</span> <span class='ocrx_word' id='word_1_223' title='bbox 1205 3093 1246 3163; x_wconf 87' lang='lat'>11,</span> <span class='ocrx_word' id='word_1_224' title='bbox 1267 3095 1309 3162; x_wconf 88' lang='lat'>13,</span> <span class='ocrx_word' id='word_1_225' title='bbox 1334 3095 1358 3148; x_wconf 89' lang='lat'>6.</span> 
     </span>
     <span class='ocr_line' id='line_1_27' title="bbox 312 3180 1359 3252; baseline -0.006 -12"><span class='ocrx_word' id='word_1_226' title='bbox 312 3185 380 3240; x_wconf 84' lang='lat' dir='ltr'>oonf.</span> <span class='ocrx_word' id='word_1_227' title='bbox 400 3183 499 3238; x_wconf 81' lang='lat' dir='ltr'>Scholl.</span> <span class='ocrx_word' id='word_1_228' title='bbox 524 3184 557 3238; x_wconf 90' lang='lat' dir='ltr'>ad</span> <span class='ocrx_word' id='word_1_229' title='bbox 581 3202 604 3237; x_wconf 83' lang='grc' dir='ltr'>ν.</span> <span class='ocrx_word' id='word_1_230' title='bbox 624 3183 666 3237; x_wconf 86' lang='grc'>29.</span> <span class='ocrx_word' id='word_1_231' title='bbox 693 3203 716 3238; x_wconf 87' lang='lat' dir='ltr'>a</span> <span class='ocrx_word' id='word_1_232' title='bbox 736 3183 778 3237; x_wconf 86' lang='lat'>53.</span> <span class='ocrx_word' id='word_1_233' title='bbox 798 3183 842 3252; x_wconf 85' lang='grc' dir='ltr'><strong>[χ.</strong></span> <span class='ocrx_word' id='word_1_234' title='bbox 860 3182 921 3237; x_wconf 87' lang='grc'><strong>385.</strong></span> <span class='ocrx_word' id='word_1_235' title='bbox 945 3183 974 3235; x_wconf 94' lang='lat' dir='ltr'>in</span> <span class='ocrx_word' id='word_1_236' title='bbox 997 3181 1085 3238; x_wconf 85' lang='lat' dir='ltr'>Schol.</span> <span class='ocrx_word' id='word_1_237' title='bbox 1104 3180 1203 3250; x_wconf 89' lang='lat' dir='ltr'>Vict.],</span> <span class='ocrx_word' id='word_1_238' title='bbox 1231 3181 1256 3235; x_wconf 89' lang='lat' dir='ltr'>si</span> <span class='ocrx_word' id='word_1_239' title='bbox 1281 3182 1359 3236; x_wconf 92' lang='lat' dir='ltr'>modo</span> 
     </span>
     <span class='ocr_line' id='line_1_28' title="bbox 311 3267 1358 3340; baseline -0.004 -14"><span class='ocrx_word' id='word_1_240' title='bbox 311 3273 357 3326; x_wconf 89' lang='lat' dir='ltr'>hio</span> <span class='ocrx_word' id='word_1_241' title='bbox 374 3272 447 3326; x_wconf 91' lang='lat' dir='ltr'>idem</span> <span class='ocrx_word' id='word_1_242' title='bbox 465 3273 507 3325; x_wconf 91' lang='lat' dir='ltr'>est</span> <span class='ocrx_word' id='word_1_243' title='bbox 524 3270 687 3340; x_wconf 88' lang='lat' dir='ltr'>Herodicus,</span> <span class='ocrx_word' id='word_1_244' title='bbox 715 3271 839 3326; x_wconf 85' lang='lat' dir='ltr'>diversus</span> <span class='ocrx_word' id='word_1_245' title='bbox 863 3269 909 3324; x_wconf 91' lang='lat' dir='ltr'>ille</span> <span class='ocrx_word' id='word_1_246' title='bbox 934 3270 1044 3339; x_wconf 91' lang='lat' dir='ltr'>quidem</span> <span class='ocrx_word' id='word_1_247' title='bbox 1067 3269 1100 3324; x_wconf 92' lang='lat' dir='ltr'>ab</span> <span class='ocrx_word' id='word_1_248' title='bbox 1124 3267 1260 3323; x_wconf 90' lang='lat' dir='ltr'>Herodioo</span> <span class='ocrx_word' id='word_1_249' title='bbox 1281 3268 1358 3337; x_wconf 83' lang='lat' dir='ltr'>Sely-</span> 
     </span>
     <span class='ocr_line' id='line_1_29' title="bbox 311 3355 1358 3428; baseline -0.001 -15"><span class='ocrx_word' id='word_1_250' title='bbox 311 3359 417 3428; x_wconf 91' lang='lat' dir='ltr'>briano,</span> <span class='ocrx_word' id='word_1_251' title='bbox 435 3360 498 3412; x_wconf 91' lang='lat' dir='ltr'>noto</span> <span class='ocrx_word' id='word_1_252' title='bbox 516 3358 634 3427; x_wconf 85' lang='lat' dir='ltr'>medice,</span> <span class='ocrx_word' id='word_1_253' title='bbox 654 3379 672 3412; x_wconf 80' lang='grc' dir='ltr'><strong>ι.</strong></span> <span class='ocrx_word' id='word_1_254' title='bbox 692 3358 753 3413; x_wconf 91' lang='grc'><strong>453.</strong></span> <span class='ocrx_word' id='word_1_255' title='bbox 774 3357 851 3427; x_wconf 80' lang='lat' dir='ltr'>[BL]</span> <span class='ocrx_word' id='word_1_256' title='bbox 872 3359 894 3411; x_wconf 81' lang='grc' dir='ltr'><strong>λ.</strong></span> <span class='ocrx_word' id='word_1_257' title='bbox 914 3358 973 3412; x_wconf 91' lang='grc'><strong>515.</strong></span> <span class='ocrx_word' id='word_1_258' title='bbox 994 3355 1051 3425; x_wconf 81' lang='lat' dir='ltr'>[R]</span> <span class='ocrx_word' id='word_1_259' title='bbox 1086 3357 1127 3411; x_wconf 92' lang='lat' dir='ltr'>De</span> <span class='ocrx_word' id='word_1_260' title='bbox 1146 3356 1282 3411; x_wconf 87' lang='lat' dir='ltr'>Zenodoto</span> <span class='ocrx_word' id='word_1_261' title='bbox 1295 3357 1358 3412; x_wconf 83' lang='lat' dir='ltr'>Cra-</span> 
     </span>
     <span class='ocr_line' id='line_1_30' title="bbox 311 3443 1357 3514; baseline -0.002 -14"><span class='ocrx_word' id='word_1_262' title='bbox 311 3449 383 3500; x_wconf 89' lang='lat' dir='ltr'>teteo</span> <span class='ocrx_word' id='word_1_263' title='bbox 408 3445 488 3501; x_wconf 90' lang='lat' dir='ltr'>attuli</span> <span class='ocrx_word' id='word_1_264' title='bbox 511 3445 693 3501; x_wconf 88' lang='lat' dir='ltr'>coniecturam</span> <span class='ocrx_word' id='word_1_265' title='bbox 720 3462 809 3501; x_wconf 87' lang='lat' dir='ltr'>meam</span> <span class='ocrx_word' id='word_1_266' title='bbox 832 3462 859 3514; x_wconf 87' lang='lat' dir='ltr'>p.</span> <span class='ocrx_word' id='word_1_267' title='bbox 879 3445 937 3498; x_wconf 82' lang='lat'>199.</span> <span class='ocrx_word' id='word_1_268' title='bbox 974 3444 1133 3499; x_wconf 75' lang='lat' dir='ltr'>Tauriscum</span> <span class='ocrx_word' id='word_1_269' title='bbox 1162 3443 1239 3498; x_wconf 84' lang='lat' dir='ltr'>addit</span> <span class='ocrx_word' id='word_1_270' title='bbox 1259 3444 1357 3499; x_wconf 83' lang='lat' dir='ltr'>Sextus</span> 
     </span>
     <span class='ocr_line' id='line_1_31' title="bbox 312 3529 1357 3603; baseline -0.002 -16"><span class='ocrx_word' id='word_1_271' title='bbox 312 3533 414 3602; x_wconf 85' lang='lat' dir='ltr'>Empir.</span> <span class='ocrx_word' id='word_1_272' title='bbox 435 3551 457 3586; x_wconf 89' lang='lat' dir='ltr'>c.</span> <span class='ocrx_word' id='word_1_273' title='bbox 475 3533 559 3588; x_wconf 85' lang='lat' dir='ltr'>Math.</span> <span class='ocrx_word' id='word_1_274' title='bbox 577 3533 605 3600; x_wconf 93' lang='lat' dir='ltr'>I,</span> <span class='ocrx_word' id='word_1_275' title='bbox 626 3533 685 3587; x_wconf 82' lang='lat'>248.</span> <span class='ocrx_word' id='word_1_276' title='bbox 704 3532 742 3603; x_wconf 89' lang='lat' dir='ltr'>[p.</span> <span class='ocrx_word' id='word_1_277' title='bbox 760 3533 820 3588; x_wconf 83' lang='lat'>654.</span> <span class='ocrx_word' id='word_1_278' title='bbox 839 3531 935 3601; x_wconf 73' lang='lat' dir='ltr'>Beth]</span> <span class='ocrx_word' id='word_1_279' title='bbox 954 3531 1140 3587; x_wconf 88' lang='lat' dir='ltr'>Alexandrum</span> <span class='ocrx_word' id='word_1_280' title='bbox 1158 3529 1357 3600; x_wconf 85' lang='lat' dir='ltr'>Polyhistorem</span> 
     </span>
     <span class='ocr_line' id='line_1_32' title="bbox 313 3618 1356 3690; baseline -0.002 -16"><span class='ocrx_word' id='word_1_281' title='bbox 313 3619 387 3674; x_wconf 85' lang='lat' dir='ltr'>Suid.</span> <span class='ocrx_word' id='word_1_282' title='bbox 401 3620 428 3673; x_wconf 83' lang='grc' dir='ltr'>Τ.</span> <span class='ocrx_word' id='word_1_283' title='bbox 443 3620 464 3674; x_wconf 94' lang='grc' dir='ltr'>Ι.</span> <span class='ocrx_word' id='word_1_284' title='bbox 481 3637 507 3688; x_wconf 89' lang='lat' dir='ltr'>p.</span> <span class='ocrx_word' id='word_1_285' title='bbox 523 3620 581 3677; x_wconf 82' lang='lat'>104.</span> <span class='ocrx_word' id='word_1_286' title='bbox 602 3621 635 3690; x_wconf 87' lang='lat' dir='ltr'>[s.</span> <span class='ocrx_word' id='word_1_287' title='bbox 650 3621 676 3674; x_wconf 95' lang='lat' dir='ltr'>h.</span> <span class='ocrx_word' id='word_1_288' title='bbox 690 3620 730 3690; x_wconf 73' lang='lat' dir='ltr'>u]</span> <span class='ocrx_word' id='word_1_289' title='bbox 758 3621 855 3676; x_wconf 80' lang='lat' dir='ltr'>Contra</span> <span class='ocrx_word' id='word_1_290' title='bbox 872 3620 1016 3676; x_wconf 82' lang='lat' dir='ltr'>laudantur</span> <span class='ocrx_word' id='word_1_291' title='bbox 1033 3619 1097 3674; x_wconf 90' lang='lat' dir='ltr'>libri</span> <span class='ocrx_word' id='word_1_292' title='bbox 1108 3618 1235 3688; x_wconf 87' lang='lat' dir='ltr'>Dionysii</span> <span class='ocrx_word' id='word_1_293' title='bbox 1247 3619 1356 3674; x_wconf 76' lang='lat' dir='ltr'>Thracis</span> 
     </span>
     <span class='ocr_line' id='line_1_33' title="bbox 314 3705 1353 3779; baseline -0.005 -16"><span class='ocrx_word' id='word_1_294' title='bbox 314 3711 341 3763; x_wconf 90' lang='lat' dir='ltr'>et</span> <span class='ocrx_word' id='word_1_295' title='bbox 365 3708 532 3764; x_wconf 87' lang='lat' dir='ltr'>Parmenisci</span> <span class='ocrx_word' id='word_1_296' title='bbox 556 3709 626 3779; x_wconf 79' lang='grc' dir='ltr'><strong><em>πρὸς</em></strong></span> <span class='ocrx_word' id='word_1_297' title='bbox 649 3710 789 3779; x_wconf 77' lang='grc' dir='ltr'><em>Κράτητα,</em></span> <span class='ocrx_word' id='word_1_298' title='bbox 818 3706 951 3762; x_wconf 79' lang='lat' dir='ltr'>aduersus</span> <span class='ocrx_word' id='word_1_299' title='bbox 976 3707 1032 3775; x_wconf 83' lang='lat' dir='ltr'>Or,</span> <span class='ocrx_word' id='word_1_300' title='bbox 1061 3707 1095 3762; x_wconf 89' lang='lat' dir='ltr'>ad</span> <span class='ocrx_word' id='word_1_301' title='bbox 1122 3712 1150 3760; x_wconf 75' lang='grc' dir='ltr'><strong>θ.</strong></span> <span class='ocrx_word' id='word_1_302' title='bbox 1173 3707 1234 3760; x_wconf 90' lang='grc'><strong>513.</strong></span> <span class='ocrx_word' id='word_1_303' title='bbox 1261 3727 1279 3760; x_wconf 93' lang='grc' dir='ltr'>ι.</span> <span class='ocrx_word' id='word_1_304' title='bbox 1297 3705 1353 3760; x_wconf 87' lang='grc'><strong>460.</strong></span> 
     </span>
     <span class='ocr_line' id='line_1_34' title="bbox 315 3796 398 3866; baseline 0.024 -2"><span class='ocrx_word' id='word_1_305' title='bbox 315 3796 398 3866; x_wconf 71' lang='lat' dir='ltr'>aa]</span> 
     </span>
    </p>
   </div>
   <div class='ocr_carea' id='block_1_6' title="bbox 1490 1833 1493 2535">
    <p class='ocr_par' dir='ltr' id='par_1_9' title="bbox 1490 1833 1493 2535">
     <span class='ocr_line' id='line_1_35' title="bbox 1490 1833 1493 2535; baseline 0 0"><span class='ocrx_word' id='word_1_306' title='bbox 1490 1833 1493 2535; x_wconf 95' lang='lat' dir='ltr'> </span> 
     </span>
    </p>
   </div>
   <div class='ocr_carea' id='block_1_7' title="bbox 0 0 1498 4580">
    <p class='ocr_par' dir='ltr' id='par_1_10' title="bbox 0 0 1498 4580">
     <span class='ocr_line' id='line_1_36' title="bbox 0 0 1498 4580; baseline 0 0"><span class='ocrx_word' id='word_1_307' title='bbox 0 0 1498 4580; x_wconf 95' lang='lat' dir='ltr'> </span> 
     </span>
    </p>
   </div>
  </div>
 </body>
</html>
