3048 4588
589 355 752 409 Prolegomena.
1161 357 1196 412 25

237 541 342 618 Neque
365 558 436 600 vero
457 539 587 617 denique
611 539 769 617 quisquam
799 539 908 599 menda
936 539 1124 600 librariorum
1145 542 1196 602 vel

148 646 388 724 typothetarum,
427 663 502 723 quae
539 645 658 705 saeculo
695 663 749 706 suo
785 646 818 704 in
851 646 1004 721 vulgatam
1036 645 1196 708 lectionem

149 753 351 828 irrepserunt,
384 755 447 810 tam
481 754 583 810 sancte
617 750 818 810 conservanda
846 755 939 826 putet.
985 750 1079 810 Velut
1100 770 1197 828 nuper

150 858 182 917 in
198 857 302 916 multis
316 857 399 916 editt.
416 855 533 931 vulgari
547 859 685 931 coeptum
704 860 751 915 est
768 850 796 914 λ.
815 856 887 915 545.
906 850 1002 936 [545]
1027 847 1128 937 ὁμίλῳ
1142 875 1196 934 pro

151 951 281 1039 ὁμίλου,
308 979 341 1038 μ.
366 962 439 1020 340.
470 951 551 1018 αὐτά
581 977 609 1035 p.
637 951 753 1036 αὐτάς,
786 979 813 1041 ρ.
839 961 912 1020 750.
944 950 1031 1036 ἴσχεν
1060 979 1089 1038 p.
1112 949 1196 1037 ἴσχει

151 1071 207 1127 555.
253 1066 352 1126 Hasce
374 1065 458 1125 leves
473 1064 619 1140 maculas,
642 1065 746 1139 credo,
769 1065 901 1141 abstergi
916 1065 1026 1124 sinunt.
1071 1065 1197 1126 Utamur

150 1189 222 1248 ergo
244 1169 408 1246 permissu,
437 1169 554 1247 quando
584 1168 695 1228 similia
718 1187 750 1229 55
779 1169 844 1229 leni
865 1170 1040 1230 correctioni
1062 1171 1196 1245 offerent

149 1277 222 1336 licet
255 1275 369 1352 aliquot
399 1274 526 1334 saeculis
557 1275 724 1351 antiquiora
783 1273 861 1349 Quid
891 1279 993 1334 autem
1024 1293 1060 1335 ea
1091 1275 1196 1351 dicam,

150 1399 227 1459 quae
260 1369 553 1438 Μοσσοττνεσστίαν
586 1378 669 1438 illam
705 1379 864 1440 manifeste
900 1380 1031 1456 produnt
1067 1381 1197 1441 humana

150 1484 338 1562 negligentia
357 1490 389 1544 55
411 1485 530 1544 inscitia
552 1483 702 1559 vitiatam,
731 1485 920 1545 barbarismis
949 1489 980 1546 et
1004 1486 1196 1562 soloecismis,

150 1591 251 1667 iisque
270 1589 529 1665 depravationibus
563 1589 729 1648 sententiae
759 1593 791 1648 et
819 1589 975 1665 orationis,
1011 1608 1085 1668 quas
1108 1609 1197 1651 nemo

150 1696 183 1753 in
204 1694 267 1753 ullo
293 1689 296 1776 l
321 1693 477 1770 scriptore,
512 1694 623 1754 nedum
645 1694 677 1752 in
697 1693 753 1753 hoc
775 1695 908 1754 omnium
928 1695 1080 1772 principe,
1102 1714 1197 1774 aequo
1207 1700 1241 1754 33

150 1801 251 1859 animo
273 1799 370 1859 serat?
412 1798 512 1859 Huius
535 1817 653 1877 quoque
672 1805 759 1859 notae
775 1817 870 1875 pauca
885 1800 1057 1875 subiiciam,
1081 1802 1199 1862 attalia

149 1905 297 1979 maxime,
320 1923 396 1981 quae
418 1905 527 1980 exiguo
549 1904 642 1964 ductu
663 1904 770 1964 calami
784 1905 822 1964 ad
837 1907 1087 1982 praestantiorum
1109 1907 1198 1967 libro-

149 2029 218 2069 rum
241 2013 349 2068 nutum
377 2010 484 2086 refingi
513 2013 658 2086 poterant.
703 2009 781 2068 Nam
802 2027 828 2068 ε.
853 2011 925 2070 416.
948 2001 1024 2092 ἰχώρ
1033 2007 1062 2092 *)
1084 2013 1199 2072 abiecta

150 2135 210 2174 una
224 2115 331 2174 littera·
338 2116 462 2190 praebet
475 2114 663 2174 verissimam
678 2115 856 2191 scripturam
871 2105 939 2190 ἰχῶ,
956 2134 1046 2193 quam
1061 2115 1197 2178 Eustath.

150 2219 323 2280 doctissimo
345 2219 453 2297 cuique
475 2219 547 2278 olim
569 2218 719 2296 placuisse
742 2220 848 2294 tradit,
877 2219 914 2278 ad
936 2221 1058 2279 modum
1091 2221 1198 2282 forma

149 2345 233 2401 rum,
251 2315 338 2405 ἱδρῶ,
354 2323 457 2384 κυκεῶ
471 2330 503 2384 55
517 2325 670 2385 similium.
715 2325 803 2384 Illam
818 2325 900 2384 enim
915 2325 1067 2401 vulgatam
1082 2328 1198 2387 nemini

149 2449 284 2508 unquam
304 2434 410 2490 neutro
432 2447 543 2506 genere
563 2430 726 2489 adhibitam
749 2448 832 2506 esse,
862 2435 988 2491 centena
1018 2431 1084 2491 loca
1104 2432 1198 2492 medi·

149 2555 253 2596 corum
275 2536 383 2596 docent
390 2554 397 2612 3
430 2553 529 2612 neque
558 2534 590 2593 id
609 2534 770 2594 voluerunt
788 2535 828 2609 ii,
858 2536 1005 2612 aquibus
1028 2554 1094 2596 eam
1116 2555 1198 2598 5555-

148 2643 266 2718 pimus,
298 2641 336 2700 ad
366 2657 492 2718 quorum
522 2646 656 2700 mentem
683 2641 788 2717 utique
814 2641 1011 2717 apostrophus
1042 2642 1198 2704 addendus

149 2747 255 2806 fuerat:
301 2745 358 2805 Sed
382 2746 439 2804 hoo
459 2745 568 2803 vitium
592 2745 652 2803 iam
673 2743 837 2804 Bamesius
857 2745 987 2805 sustulit.
1032 2747 1068 2806 In
1092 2747 1198 2808 eodem

148 2851 225 2910 libro
247 2868 275 2908 v¹
295 2852 366 2910 394.
390 2850 471 2909 idem
494 2867 534 2909 ex
555 2849 638 2909 codd.
662 2850 726 2908 suis
749 2849 898 2924 corrigere
912 2850 1038 2910 debebat
1059 2852 1197 2927 ineptum

148 2971 212 3014 κεν.
259 2953 323 3028 Quo
345 2954 475 3014 admisso
499 2955 649 3014 sententia
670 2972 761 3030 prave
783 2955 918 3014 imitatur
932 2956 1116 3033 hypothesin
1131 2974 1197 3017 ver-

149 3077 202 3138 sus
238 3060 324 3134 388.‚
359 3077 453 3136 quum
487 3061 587 3135 potius
606 3059 743 3118 eiusdem
771 3061 891 3136 generis
925 3061 965 3119 sit
997 3079 1032 3121 ae
1060 3062 1197 3138 proxima

147 3182 175 3222 v.
201 3166 274 3224 395.
292 3181 354 3241 sqq.
399 3163 456 3223 Est
478 3164 559 3223 enim
580 3163 669 3239 haec,
697 3159 754 3246 τλῆ
772 3155 871 3246 Ἥρη,
894 3159 946 3224 ὅτε
968 3182 1024 3241 μιν
1043 3160 1197 3247 κρατερὸς

148 3265 231 3340 σταῖς
256 3257 306 3326 Ἀ.
329 3260 429 3348 ὀϊστῷ
448 3261 555 3345 βαλὼν
579 3260 726 3349 ὀδύνῃσιν
748 3257 874 3328 idumea
920 3269 1001 3329 Alibi
1014 3276 1116 3330 contra
1130 3288 1197 3347 par-

147 3373 242 3433 ticula
260 3389 297 3431 aa
320 3373 487 3433 oblitterata
514 3374 767 3433 constructionem
797 3379 983 3450 corruperat,
1014 3379 1049 3434 ut
1071 3395 1098 3455 ρ.
1123 3377 1195 3435 629.

149 3476 254 3538 Simile
274 3495 314 3537 ex
328 3496 388 3537 una
409 3478 542 3538 litterula
561 3479 669 3538 vitium
690 3484 737 3539 est
757 3472 782 3553 ζ.
799 3483 874 3539 extr.
891 3471 1077 3555 ἐλάσαντες,
1101 3481 1196 3540 nomi-

149 3585 249 3644 nativo
272 3583 349 3642 nibil
371 3584 516 3659 habente,
538 3584 619 3644 unde
642 3585 779 3661 pendeat.
824 3584 1026 3644 Durissimum
1048 3585 1103 3661 sit,
1126 3604 1196 3646 eum

238 3745 275 3813 [*)
295 3743 341 3798 Sic
359 3743 548 3814 corrigendum
567 3747 638 3813 erat;
662 3761 725 3799 nam
754 3745 945 3800 circumflexus
965 3762 981 3800 a
1001 3745 1196 3799 consuetudine

155 3831 284 3888 Wolfiana
301 3829 447 3900 abhorret]
