2980 4576
336 346 386 400 186
785 346 949 399 Prolegomena.

332 527 495 588 lectionum
517 545 583 589 eam
604 528 667 590 fere
689 527 829 606 elegisse,
851 546 927 607 quae
942 529 1100 590 Homerico
1122 531 1244 606 ingenio
1259 534 1290 591 et
1309 548 1376 590 oon·

333 633 486 694 suetudini
507 633 627 711 ipsique
648 633 713 693 loco
736 634 848 710 optime
869 635 1056 712 conveniret;
1080 634 1218 696 videmus
1233 636 1376 696 multaab

332 757 367 800 eo
390 739 507 800 erudite
531 743 561 800 et
583 739 729 815 sagaciter
759 738 979 800 animadversa:
1011 739 1065 800 sed
1090 741 1170 818 quod
1195 741 1293 817 primo
1314 741 1376 802 loco

272 844 536 921 adquaerendam
565 849 625 919 est,
654 843 729 921 quid
757 844 809 904 ille
840 845 873 902 in
901 861 1048 904 summam
1075 844 1247 906 Carminum
1275 838 1279 925 Ι
1308 846 1377 906 novi

332 948 498 1023 induxerit,
522 967 581 1026 qua
602 947 747 1024 religione
766 949 905 1026 antiquos
919 949 1012 1008 libros
1027 949 1209 1024 excusserit,
1232 949 1377 1027 quomodo

330 1069 405 1112 usus
429 1053 469 1112 sit
491 1051 646 1127 Zenodoti,
676 1053 885 1129 Aristophanis
915 1057 947 1112 et
977 1057 1155 1128 ceterorum,
1185 1047 1260 1131 quos
1289 1071 1377 1131 supra

330 1158 496 1232 nominavi,
524 1152 816 1237 recensionibus¹⁶);
847 1157 922 1218 haec
951 1162 983 1217 et
1010 1157 1069 1218 alia
1091 1159 1181 1218 certis
1203 1164 1256 1218 aut
1274 1159 1376 1235 proba·
1471 1191 1472 1194 κ

331 1262 441 1322 bilibus
471 1262 656 1339 argumentis
685 1262 773 1322 hodie
807 1263 940 1339 perspici
974 1269 1136 1341 nequeunt.
1187 1263 1308 1324 Etenim
1339 1282 1376 1325 ex
1471 1249 1472 1324 J

331 1385 390 1444 quc
411 1367 602 1428 Aristarchea
624 1360 799 1448 ἀνάγνωσις
826 1367 903 1428 facta
932 1373 995 1428 erat
1021 1362 1218 1449 παράδοσις,
1253 1369 1376 1446 (culpata
1471 1369 1472 1414 1

330 1471 422 1542 lectra,
445 1471 571 1548 calpetus
586 1476 689 1543 δινάαι,
714 1473 774 1532 dici
796 1472 884 1548 solet,
907 1477 938 1532 et
957 1473 1030 1533 satis
1046 1467 1226 1556 commode‚)
1248 1473 1279 1533 id
1299 1474 1376 1552 quod
1417 1487 1422 1494 ·
1471 1463 1472 1470 δ

330 1581 446 1637 mature
468 1576 580 1637 factum
600 1577 721 1638 videtur
731 1572 790 1657 Π),
812 1577 850 1636 ad
864 1577 948 1637 iilam
963 1578 1153 1656 potissimum
1168 1597 1262 1639 novae
1278 1597 1375 1640 emen·

330 1793 432 1850 starchi
449 1795 596 1851 auctoritas
614 1795 739 1863 additur,
758 1811 793 1848 ex
810 1793 899 1863 priore
916 1795 1009 1867 forsan
1027 1793 1165 1861 editione.)
1185 1814 1209 1848 o.
1222 1794 1264 1847 24.
1285 1793 1375 1863 θυμόν
1472 1767 1473 1790 ¹

329 1899 355 1951 p.
376 1883 473 1952 θυμός.
513 1900 543 1936 ιι.
568 1883 627 1937 633.
654 1883 751 1952 ὀρώρει
777 1898 804 1950 p.
830 1883 937 1951 ὄρωρεν.
966 1880 1067 1954 [ὀρώρῃ
1092 1881 1201 1935 demum
1225 1879 1374 1948 Bekkerus]

331 1989 353 2021 υ.
373 1969 415 2024 35.
434 1974 562 2023 κέκασται
580 1987 607 2039 p.
627 1974 749 2022 κέκαστο.
768 1969 809 2022 77.
828 1970 952 2038 μάλιστά
969 1969 990 2022 ἑ.
1013 1986 1040 2037 p.
1058 1969 1182 2039 μάλιστά
1197 1986 1234 2038 γε.
1267 1979 1298 2036 ψ.
1317 1967 1375 2022 287.

330 2059 449 2127 άγερθεν
469 2075 496 2126 p.
515 2057 636 2126 ἔνερθεν.
673 2057 708 2110 ut
725 2058 789 2110 sunt
806 2056 873 2125 alia,
894 2056 923 2110 in
942 2056 1041 2126 quibus
1058 2057 1203 2111 admodum
1221 2072 1324 2124 vereor,
1342 2071 1375 2108 ne

330 2146 416 2200 futuri
443 2144 499 2198 sint
525 2143 619 2209 multi,
649 2144 696 2213 qui
723 2143 878 2199 tarditatem
906 2160 994 2199 meam
1023 2144 1162 2197 mirentur
1205 2143 1244 2197 Ut
1266 2149 1292 2211 β.
1316 2142 1373 2197 462.

331 2232 505 2304 ἀγαλλόμενα
523 2249 548 2301 p.
563 2231 757 2302 ἀγαλλόμεναι.
784 2252 809 2298 η.
821 2230 881 2286 420.
903 2231 1055 2301 ὠτρύνοντο
1076 2233 1108 2297 (s.
1123 2230 1281 2299 ὀτρύνοντο)
1300 2234 1376 2290 νέκυς

330 2336 378 2389 pro
398 2322 514 2389 ὄτρυνον
531 2322 634 2378 νέκυας.
664 2338 682 2372 ι.
697 2318 757 2372 505.
773 2316 857 2386 [500]
877 2318 1040 2388 εὐχομένοιο
1058 2335 1084 2386 p.
1099 2317 1267 2388 εὐξαμένοιο.
1286 2320 1306 2378 ξ.
1318 2317 1374 2372 173.

330 2409 399 2458 κατά
417 2425 442 2477 p.
457 2411 531 2460 ποτί.
553 2426 576 2461 τ.
591 2406 632 2461 05.
654 2406 723 2465 Ζεύς
740 2423 765 2475 p.
779 2407 863 2471 Ζῆνα.
883 2424 913 2475 φ.
933 2405 992 2460 587.
1013 2406 1041 2458 οἳ
1058 2407 1105 2457 καὶ
1122 2422 1148 2474 p.
1162 2405 1192 2456 οἳ
1203 2422 1256 2458 κεν.
1276 2423 1305 2458 ω.
1315 2404 1374 2458 241.

331 2494 472 2547 δνόσασάε
491 2511 516 2562 p.
538 2495 662 2546 οδνεσθε.
683 2494 733 2546 et.

420 2580 464 2647 26)
484 2580 572 2635 Usum
592 2580 665 2634 enim
680 2579 737 2633 illis
752 2595 811 2633 esse
825 2579 1027 2648 Aristarchum,
1046 2581 1074 2633 et
1090 2578 1151 2648 ipsa
1167 2596 1212 2634 res
1229 2582 1257 2634 et
1270 2579 1376 2635 Scholia

330 2667 433 2735 passim
459 2667 621 2738 significant.
658 2667 690 2720 In
712 2683 826 2737 quorum
852 2683 906 2721 uno
928 2668 956 2720 et
978 2666 1062 2721 altero
1087 2667 1199 2721 affertur
1222 2668 1326 2738 ahquid
1344 2668 1376 2722 de

331 2754 483 2810 Zenodotea
502 2755 621 2809 editione
638 2771 673 2808 ex
684 2754 868 2809 notationibus
882 2754 1045 2809 Aristarchi:
1065 2773 1088 2808 ν.
1101 2754 1161 2809 808.
1184 2759 1204 2816 ξ.
1219 2756 1291 2810 162.;
1311 2754 1375 2810 alibi

330 2841 439 2910 saepius
459 2841 485 2896 is
503 2842 604 2896 dicitur
622 2841 742 2912 aliquam
760 2859 795 2894 ex
817 2841 1017 2911 antiquioribus
1031 2841 1194 2896 lectionibus
1214 2847 1374 2913 προκρῖναιι

331 2931 350 2990 ζ.
368 2928 393 2981 4.
421 2949 445 2995 η,
465 2928 524 2982 127.
551 2949 569 2983 ι.
587 2929 646 2982 212.
666 2928 767 2997 [Schol.
786 2928 855 2998 Lu]
882 2948 904 2981 υ.
925 2927 983 2982 138.
1008 2947 1037 2998 φ.
1059 2928 1118 2983 265.
1138 2931 1188 2983 eto.
1230 2928 1374 2998 Inprimis

330 3034 356 3070 v.
385 3017 419 3072 ad
447 3037 464 3070 ι.
486 3015 546 3070 222.
582 3017 623 3070 De
651 3018 743 3072 nostra
771 3019 862 3070 tamen
892 3015 1049 3085 quaestione
1075 3032 1213 3086 nunquam
1240 3016 1374 3072 laborasse

329 3102 459 3157 videntur
476 3104 591 3157 veteres.

417 3189 461 3258 27)
489 3189 551 3245 Huc
573 3191 696 3258 spectant
721 3189 803 3244 verba
825 3188 854 3242 in
880 3187 1009 3256 Scholiis,
1036 3189 1156 3256 ἐπείσθη
1180 3191 1197 3256 ἡ
1219 3190 1375 3259 παράδοσις

324 3273 505 3348 Ἀριστάρχῳ,
530 3280 561 3332 ut
585 3277 610 3331 δ.
630 3275 689 3331 138.
718 3294 738 3330 ε.
757 3276 817 3330 289.
848 3296 869 3329 υ.
889 3276 962 3345 357,
986 3276 1032 3331 vel
1055 3277 1230 3343 ἐπείσθησαν
1252 3279 1325 3348 αὐτῷ
1349 3280 1376 3330 οἱ

328 3369 531 3436 γραμματικοί,
552 3383 582 3417 n.
593 3365 663 3432 415,
681 3364 727 3418 vel
746 3364 930 3434 ἐπεκράτησεν
948 3365 964 3430 ἦ
981 3364 1137 3433 ἀνάγνωσις
1155 3365 1251 3428 αὐτοῦ,
1271 3385 1297 3418 α.
1317 3364 1373 3420 572.

329 3470 350 3505 ε.
369 3452 412 3506 09.
441 3455 459 3514 ζ.
480 3452 539 3506 150.
566 3472 590 3518 η.
610 3451 669 3506 280.
695 3471 724 3521 χ.
743 3452 801 3520 67.,
826 3452 871 3506 vel
890 3452 974 3511 οὕτως
996 3451 1053 3520 ἔχει
1071 3451 1105 3504 τὰ
1123 3453 1170 3519 τῆς
1189 3453 1372 3522 ἀναγνώσεως,

329 3541 352 3593 1.
371 3540 430 3594 651.
452 3539 533 3608 [652]
554 3550 584 3606 ψ.
605 3538 664 3593 387.
684 3540 718 3593 cf.
737 3539 860 3609 Apollon.
880 3539 913 3592 de
931 3538 1007 3608 Synt.
1025 3539 1061 3592 Π.
1079 3557 1105 3606 p.
1126 3538 1183 3593 158.
1202 3539 1251 3594 ΠΙ.
1269 3557 1296 3609 p.
1316 3539 1371 3592 222.

330 3627 366 3696 [ρ.
388 3626 447 3681 156.
467 3625 526 3680 222.
546 3625 641 3694 Bekis]
668 3626 838 3680 Contrarium
865 3642 972 3695 perraro
995 3627 1116 3694 notatur,
1143 3627 1192 3678 οὐκ
1217 3627 1335 3692 ἐπείσθη
1358 3625 1372 3690 ἠ

330 3713 500 3782 παράδοσις,
527 3716 559 3767 ut
584 3733 614 3784 φ.
639 3713 698 3767 162.
730 3731 758 3766 ω.
781 3713 840 3767 316.
866 3715 916 3768 etc.
957 3713 1016 3768 Iam
1041 3713 1106 3767 audi
1129 3714 1265 3784 insignem
1287 3714 1371 3768 locum

328 3801 419 3872 Etym.
437 3801 474 3856 Μ.
492 3818 518 3872 p.
532 3800 592 3856 815.
613 3800 651 3869 [v.
665 3799 778 3872 χρῆσις]
797 3804 933 3872 Διαφέρει
952 3801 983 3855 δὲ
1002 3801 1195 3870 παραδόσεως·
1211 3810 1312 3874 χρῆσις
1322 3802 1372 3874 μὲν
