3048 4588
325 333 361 385 42
769 334 933 388 Prolegomena.

324 531 378 591 pro
402 520 553 590 comperta
570 517 683 577 -habere
705 516 805 576 libeat.
850 509 992 578 Pluribus
1013 523 1114 579 autem
1138 519 1171 577 id
1192 537 1280 596 agere
1302 536 1371 595 pos·

326 637 406 693 sem,
440 619 563 696 prolatis
601 622 750 682 similibus
780 623 928 700 exemplis
962 623 1144 698 fabvrlarum,
1180 628 1216 682 ut
1252 623 1370 684 celebre

325 742 435 784 nomeu
459 723 563 784 Cadmi
585 731 697 787 temere
720 727 758 786 ad
772 727 966 787 Phoeniciam
980 728 1186 788 inventionem
1199 727 1371 788 traductum

325 824 504 906 arguerem
537 830 597 891 Sed
626 831 700 909 quid
728 833 785 892 hoo
809 837 911 892 nostra
938 834 1052 893 refert?
1095 833 1136 892 Ut
1165 833 1296 893 Cadmus
1324 833 1371 891 in-

282 938 315 992 55
324 936 443 995 vexerit
456 936 581 1012 litteras,
595 942 630 996 ut
646 938 779 997 barbaris
793 937 932 998 Boeotiae
948 929 952 1017 Ι
970 938 1148 1015 stupendam
1163 942 1257 998 artem
1271 942 1371 998 osten-

325 1041 417 1119 derit;
441 1041 623 1102 docilitatem
641 1043 786 1119 largimur
807 1043 847 1103 iis
868 1047 900 1104 et
922 1043 1032 1104 otium:
1054 1043 1190 1121 quamvis
1210 1043 1371 1119 Amphion,

324 1147 442 1224 integro
472 1147 591 1207 saeculo
618 1149 778 1225 posterior,
809 1149 861 1226 qui
888 1135 1044 1208 Thebanae
1076 1149 1137 1208 arci
1170 1147 1372 1208 aedificandae

324 1252 440 1328 lapides
468 1256 558 1312 cantu
585 1253 716 1313 movisse
743 1254 853 1329 fertur,
882 1253 980 1313 edicto
1008 1253 1192 1314 commodius
1224 1253 1373 1330 potuisset

325 1357 407 1416 cives
428 1374 564 1432 monere,
593 1361 628 1417 ut
652 1357 769 1434 lapides
798 1363 994 1434 aggerereut:
1023 1359 1077 1418 sed
1098 1363 1134 1417 ut
1154 1357 1241 1435 pauci
1262 1375 1372 1433 pauco·

324 1479 392 1519 rum
413 1461 509 1537 gratia
534 1461 568 1519 in
599 1462 755 1522 scribendo
782 1463 843 1521 iam
869 1467 935 1521 tum
961 1462 1130 1538 periculum
1146 1462 1290 1536 fecerint,
1320 1461 1372 1521 vel

324 1566 465 1625 brevibus
498 1567 636 1626 versibus
674 1571 706 1627 et
737 1567 961 1644 epigrammatis
993 1585 1078 1642 aera,
1114 1583 1212 1643 nuper
1249 1566 1372 1626 conflari

325 1675 440 1748 coepta,
464 1672 664 1750 signaverint5
688 1691 778 1750 quam
799 1672 890 1749 louge
911 1673 985 1733 haec
1006 1672 1091 1732 rudis
1112 1689 1202 1747 opera
1222 1673 1259 1731 ab
1281 1689 1371 1748 expe-

324 1775 387 1835 dito
408 1781 520 1836 usust
542 1776 682 1837 facultate
704 1777 777 1836 artis
799 1776 963 1854 discrepet,
994 1777 1121 1855 quisque
1149 1776 1216 1836 siue
1238 1775 1373 1836 admoni-

324 1882 406 1942 aona
427 1886 529 1941 noma
551 1882 701 1958 manaa
1256 1863 1260 1872 '

412 1987 509 2063 Magis
539 1991 641 2046 autem
667 1987 854 2047 Herodotum
884 1987 976 2046 miror
1004 1987 1038 2045 iu
1060 2005 1110 2061 eo,
1141 1986 1221 2064 quod
1241 1986 1300 2045 tria
1320 1986 1374 2045 illa

325 2092 555 2168 epigrammata,
577 2109 655 2169 quae
674 2091 786 2151 ibidem
808 2109 847 2152 ex
861 2091 1059 2151 anathematis
1080 2090 1206 2151 Ismenii
1220 2089 1373 2166 Apollinis

277 2207 286 2232 ‘
326 2196 406 2274 apud
427 2196 584 2257 Thebanos
606 2192 865 2278 transcripsit¹³),
892 2196 1028 2272 proxime
1058 2195 1097 2255 ad
1117 2195 1221 2256 Cadmi
1242 2199 1374 2254 aetatem

324 2302 466 2377 retrudit,
496 2307 528 2363 et
554 2303 685 2362 Homero
715 2302 812 2362 tribus
835 2305 999 2379 quatuorve
1019 2300 1148 2361 saeculis
1168 2301 1268 2377 priora
1288 2299 1370 2360 facit.

324 2408 501 2485 Acceperat,
535 2407 656 2484 opinor,
688 2407 730 2466 ita
759 2406 1059 2483 amonebatoribus5
1086 2405 1179 2466 refert
1209 2422 1250 2464 ex
1277 2423 1371 2480 more,

282 2522 317 2576 56
326 2512 406 2589 quod
425 2519 593 2590 acceperat;
618 2517 650 2572 et
671 2512 814 2572 inusitata
832 2511 927 2571 forma
947 2511 1116 2571 litterarum
1136 2510 1248 2571 fecerat
1262 2509 1370 2570 fidem:

325 2635 383 2678 nec
403 2618 527 2694 ingenia
548 2617 601 2676 illa
614 2623 747 2694 tempore
764 2617 885 2677 subacta
900 2621 986 2676 eraut
999 2617 1106 2676 harum
1126 2633 1228 2676 rerum
1248 2614 1370 2674 iudicio.

417 2841 460 2910 18)
479 2841 629 2897 Subiioiam
648 2857 693 2910 ea,
711 2843 755 2909 ut,
776 2840 842 2910 quid
853 2839 951 2907 velim,
969 2856 1004 2894 ex
1021 2839 1073 2894 hao
1091 2838 1191 2909 pagina
1208 2839 1347 2907 appareat:

456 2929 479 2984 Ι.
493 2924 670 2998 Ἀμφιτρύων
686 2930 716 2998 μ’
736 2928 885 2994 ἀνέθηκεν,
906 2926 956 2980 ἰὼν
974 2926 1032 2978 ἀπὸ
1053 2926 1223 2992 Τηλεβοάων.

441 3016 478 3070 Π.
496 3015 600 3075 Σκαιός
619 3013 746 3084 [Σκαῖος]
765 3017 936 3084 πυγμαχέων
953 3031 990 3083 με
1007 3012 1127 3081 ἑκηβόλῳ
1140 3007 1289 3066 Ἀπόλλωνα

498 3103 613 3169 νικήσας
630 3103 748 3169 ἀνέθηκε
766 3103 826 3156 τεῒν
844 3100 1003 3171 περικαλλὲς
1021 3101 1141 3168 ἄγαλμα.

429 3191 480 3246 ΠΙ.
499 3191 658 3261 Λαοδάμας
675 3188 787 3260 τρίποδ’
806 3189 890 3243 αὐτὸν
908 3188 1039 3256 ἔῦσκόπῳ
1053 3182 1204 3240 Ἀπόλλωνι

499 3281 681 3351 μουναρχέων
698 3277 816 3343 ἀνέθηκε
832 3277 892 3330 τεῒν
910 3275 1070 3345 περικαλλὲς
1087 3276 1207 3344 ἄγαλμα.

324 3367 357 3420 In
383 3366 471 3434 primo
499 3380 582 3420 versu
608 3379 656 3433 pro
682 3362 757 3432 vulg.
776 3363 829 3418 rev
854 3361 962 3431 reposui
991 3378 1053 3416 oum
1076 3361 1214 3416 nonnullis
1239 3361 1291 3415 ἰών
1307 3361 1327 3414 i.
1347 3379 1370 3416 e.

326 3453 420 3506 ἀνιών.
456 3451 560 3506 Ceteris
578 3450 742 3505 coniecturis
760 3449 810 3504 vix
833 3449 910 3504 locus
930 3451 983 3516 est;
1008 3448 1121 3502 minime
1145 3447 1185 3514 ei,
1210 3464 1292 3517 quam
1309 3452 1372 3518 post

325 3539 481 3594 Bentleium
502 3555 591 3607 nuper
612 3539 705 3607 plures
729 3538 865 3605 fecerunt,
889 3536 1006 3603 ἀνέθηκε
1031 3539 1108 3590 νέων.
1143 3535 1233 3590 Dandi
1250 3536 1371 3604 primum

326 3628 403 3680 orant
420 3628 543 3680 auctores
560 3625 644 3680 huius
662 3625 764 3680 formae
781 3624 887 3680 activae
903 3625 1011 3692 praetor
1024 3622 1219 3678 Grammaticos
1239 3623 1371 3692 quosdam

325 3717 353 3768 et
379 3715 535 3783 corruptum
561 3729 671 3768 versum
698 3710 799 3781 Hymn.
818 3710 898 3766 Hom.
917 3711 948 3764 in
966 3710 1025 3765 Cer.
1044 3710 1104 3764 395.
1134 3709 1194 3779 [ubi
1217 3728 1263 3764 κεν
1285 3711 1371 3764 ἐοῦσα

325 3800 371 3856 vel
388 3819 418 3854 κε
434 3804 560 3870 μένουσα
576 3801 703 3870 proponit
720 3797 924 3866 Buechelerus.]
