<?xml version="1.0" encoding="UTF-8"?>
<!DOCTYPE html PUBLIC "-//W3C//DTD XHTML 1.0 Transitional//EN"
    "http://www.w3.org/TR/xhtml1/DTD/xhtml1-transitional.dtd">
<html xmlns="http://www.w3.org/1999/xhtml" xml:lang="en" lang="en">
 <head>
  <title>
</title>
<meta http-equiv="Content-Type" content="text/html;charset=utf-8" />
  <meta name='ocr-system' content='tesseract 3.04.00' />
  <meta name='ocr-capabilities' content='ocr_page ocr_carea ocr_par ocr_line ocrx_word'/>
</head>
<body>
  <div class='ocr_page' id='page_1' title='image "./prolegomenaadho05wolfgoog/prolegomenaadho05wolfgoog_0135.png"; bbox 0 0 2980 4576; ppageno 0'>
   <div class='ocr_carea' id='block_1_1' title="bbox 12 496 1158 979">
    <p class='ocr_par' dir='ltr' id='par_1_1' title="bbox 112 496 1158 679">
     <span class='ocr_line' id='line_1_1' title="bbox 112 496 1157 573; baseline -0.002 -16"><span class='ocrx_word' id='word_1_1' title='bbox 112 497 277 557; x_wconf 79' lang='lat' dir='ltr'>Pausaniae</span> <span class='ocrx_word' id='word_1_2' title='bbox 309 502 379 556; x_wconf 90' lang='lat' dir='ltr'>aute</span> <span class='ocrx_word' id='word_1_3' title='bbox 411 497 533 570; x_wconf 88' lang='lat' dir='ltr'>allatus,</span> <span class='ocrx_word' id='word_1_4' title='bbox 568 497 619 556; x_wconf 91' lang='lat' dir='ltr'>ubi</span> <span class='ocrx_word' id='word_1_5' title='bbox 649 515 742 573; x_wconf 91' lang='lat' dir='ltr'>quum</span> <span class='ocrx_word' id='word_1_6' title='bbox 779 497 816 556; x_wconf 89' lang='lat' dir='ltr'>de</span> <span class='ocrx_word' id='word_1_7' title='bbox 850 497 992 556; x_wconf 84' lang='lat' dir='ltr'>varietate</span> <span class='ocrx_word' id='word_1_8' title='bbox 1027 496 1157 556; x_wconf 90' lang='lat' dir='ltr'>nominis</span> 
     </span>
     <span class='ocr_line' id='line_1_2' title="bbox 113 600 1158 679; baseline -0.004 -17"><span class='ocrx_word' id='word_1_9' title='bbox 113 603 147 663; x_wconf 93' lang='lat' dir='ltr'>Il.</span> <span class='ocrx_word' id='word_1_10' title='bbox 169 602 200 679; x_wconf 76' lang='grc' dir='ltr'>β.</span> <span class='ocrx_word' id='word_1_11' title='bbox 219 606 289 664; x_wconf 80' lang='grc'>573.</span> <span class='ocrx_word' id='word_1_12' title='bbox 315 602 389 678; x_wconf 84' lang='lat' dir='ltr'>agit,</span> <span class='ocrx_word' id='word_1_13' title='bbox 412 603 523 662; x_wconf 81' lang='lat' dir='ltr'>diserte</span> <span class='ocrx_word' id='word_1_14' title='bbox 545 600 730 662; x_wconf 90' lang='lat' dir='ltr'>mentionem</span> <span class='ocrx_word' id='word_1_15' title='bbox 751 602 823 661; x_wconf 88' lang='lat' dir='ltr'>facit</span> <span class='ocrx_word' id='word_1_16' title='bbox 844 603 993 660; x_wconf 61' lang='lat' dir='ltr'>Hiberon·</span> <span class='ocrx_word' id='word_1_17' title='bbox 1011 602 1158 660; x_wconf 75' lang='lat' dir='ltr'>amicorum</span> 
     </span>
    </p>

    <p class='ocr_par' dir='ltr' id='par_1_2' title="bbox 12 702 1157 979">
     <span class='ocr_line' id='line_1_3' title="bbox 112 702 1157 787; baseline 0 -21"><span class='ocrx_word' id='word_1_18' title='bbox 112 713 136 766; x_wconf 74' lang='lat' dir='ltr'>et</span> <span class='ocrx_word' id='word_1_19' title='bbox 155 710 312 767; x_wconf 69' lang='lat' dir='ltr'>edictorum</span> <span class='ocrx_word' id='word_1_20' title='bbox 332 709 363 766; x_wconf 75' lang='lat' dir='ltr'>ia</span> <span class='ocrx_word' id='word_1_21' title='bbox 381 707 471 764; x_wconf 71' lang='lat' dir='ltr'>Iliada</span> <span class='ocrx_word' id='word_1_22' title='bbox 493 702 828 787; x_wconf 70' lang='lat' dir='ltr'>lotterrbmndanda18);</span> <span class='ocrx_word' id='word_1_23' title='bbox 852 712 886 767; x_wconf 91' lang='lat' dir='ltr'>ut</span> <span class='ocrx_word' id='word_1_24' title='bbox 907 707 986 766; x_wconf 86' lang='lat' dir='ltr'>clare</span> <span class='ocrx_word' id='word_1_25' title='bbox 1009 712 1157 783; x_wconf 79' lang='lat' dir='ltr'>appareat,</span> 
     </span>
     <span class='ocr_line' id='line_1_4' title="bbox 12 790 1157 889; baseline -0.002 -16"><span class='ocrx_word' id='word_1_26' title='bbox 12 790 13 799; x_wconf 9' lang='grc' dir='ltr'>ἵ</span> <span class='ocrx_word' id='word_1_27' title='bbox 113 832 176 873; x_wconf 92' lang='lat' dir='ltr'>rem</span> <span class='ocrx_word' id='word_1_28' title='bbox 207 832 225 871; x_wconf 90' lang='lat' dir='ltr'>a</span> <span class='ocrx_word' id='word_1_29' title='bbox 258 813 345 872; x_wconf 89' lang='lat' dir='ltr'>nobis</span> <span class='ocrx_word' id='word_1_30' title='bbox 375 815 546 871; x_wconf 76' lang='lat' dir='ltr'>renovatam</span> <span class='ocrx_word' id='word_1_31' title='bbox 577 811 741 873; x_wconf 81' lang='lat' dir='ltr'>Pausaniae</span> <span class='ocrx_word' id='word_1_32' title='bbox 773 816 869 872; x_wconf 86' lang='lat' dir='ltr'>aetate</span> <span class='ocrx_word' id='word_1_33' title='bbox 903 813 1036 871; x_wconf 89' lang='lat' dir='ltr'>nondum</span> <span class='ocrx_word' id='word_1_34' title='bbox 1068 811 1157 889; x_wconf 89' lang='lat' dir='ltr'>plane</span> 
     </span>
     <span class='ocr_line' id='line_1_5' title="bbox 113 917 422 979; baseline -0.006 -1"><span class='ocrx_word' id='word_1_35' title='bbox 113 920 300 979; x_wconf 82' lang='lat' dir='ltr'>obscuratam</span> <span class='ocrx_word' id='word_1_36' title='bbox 321 917 422 977; x_wconf 89' lang='lat' dir='ltr'>fuisse.</span> 
     </span>
    </p>
   </div>
   <div class='ocr_carea' id='block_1_2' title="bbox 86 1047 1158 1456">
    <p class='ocr_par' dir='ltr' id='par_1_3' title="bbox 559 1047 719 1113">
     <span class='ocr_line' id='line_1_6' title="bbox 559 1047 719 1113; baseline 0.006 -1"><span class='ocrx_word' id='word_1_37' title='bbox 559 1047 719 1113; x_wconf 91' lang='lat' dir='ltr'>XXXV.</span> 
     </span>
    </p>

    <p class='ocr_par' dir='ltr' id='par_1_4' title="bbox 86 1169 1158 1456">
     <span class='ocr_line' id='line_1_7' title="bbox 86 1169 1158 1247; baseline 0.002 -19"><span class='ocrx_word' id='word_1_38' title='bbox 86 1201 90 1210; x_wconf 93' lang='lat'>·</span> <span class='ocrx_word' id='word_1_39' title='bbox 202 1169 284 1229; x_wconf 89' lang='lat' dir='ltr'>Haec</span> <span class='ocrx_word' id='word_1_40' title='bbox 298 1188 391 1246; x_wconf 92' lang='lat' dir='ltr'>quum</span> <span class='ocrx_word' id='word_1_41' title='bbox 406 1169 447 1228; x_wconf 90' lang='lat' dir='ltr'>ita</span> <span class='ocrx_word' id='word_1_42' title='bbox 462 1170 537 1244; x_wconf 90' lang='lat' dir='ltr'>siut,</span> <span class='ocrx_word' id='word_1_43' title='bbox 553 1171 611 1229; x_wconf 89' lang='lat' dir='ltr'>sub</span> <span class='ocrx_word' id='word_1_44' title='bbox 625 1171 751 1247; x_wconf 90' lang='lat' dir='ltr'>imperio</span> <span class='ocrx_word' id='word_1_45' title='bbox 765 1171 1019 1231; x_wconf 86' lang='lat' dir='ltr'>Pisistratidarum</span> <span class='ocrx_word' id='word_1_46' title='bbox 1035 1171 1158 1232; x_wconf 81' lang='lat' dir='ltr'>Graecia</span> 
     </span>
     <span class='ocr_line' id='line_1_8' title="bbox 114 1273 1157 1354; baseline 0 -20"><span class='ocrx_word' id='word_1_47' title='bbox 114 1276 245 1354; x_wconf 89' lang='lat' dir='ltr'>primum</span> <span class='ocrx_word' id='word_1_48' title='bbox 272 1279 373 1333; x_wconf 87' lang='lat' dir='ltr'>vetera</span> <span class='ocrx_word' id='word_1_49' title='bbox 396 1273 535 1334; x_wconf 83' lang='lat' dir='ltr'>Carmina</span> <span class='ocrx_word' id='word_1_50' title='bbox 563 1279 665 1333; x_wconf 87' lang='lat' dir='ltr'>vatum</span> <span class='ocrx_word' id='word_1_51' title='bbox 693 1277 843 1336; x_wconf 82' lang='lat' dir='ltr'>mansuris</span> <span class='ocrx_word' id='word_1_52' title='bbox 865 1277 1067 1336; x_wconf 84' lang='lat' dir='ltr'>monumentis</span> <span class='ocrx_word' id='word_1_53' title='bbox 1089 1294 1157 1335; x_wconf 91' lang='lat' dir='ltr'>cou-</span> 
     </span>
     <span class='ocr_line' id='line_1_9' title="bbox 115 1377 1158 1456; baseline -0.002 -16"><span class='ocrx_word' id='word_1_54' title='bbox 115 1379 229 1456; x_wconf 87' lang='lat' dir='ltr'>signari</span> <span class='ocrx_word' id='word_1_55' title='bbox 251 1379 333 1437; x_wconf 88' lang='lat' dir='ltr'>vidit.</span> <span class='ocrx_word' id='word_1_56' title='bbox 379 1377 540 1456; x_wconf 77' lang='lat' dir='ltr'>&#39;Palemque</span> <span class='ocrx_word' id='word_1_57' title='bbox 563 1385 690 1441; x_wconf 87' lang='lat' dir='ltr'>aetatem</span> <span class='ocrx_word' id='word_1_58' title='bbox 713 1381 769 1440; x_wconf 88' lang='lat' dir='ltr'>sub</span> <span class='ocrx_word' id='word_1_59' title='bbox 791 1381 970 1440; x_wconf 89' lang='lat' dir='ltr'>incunabula</span> <span class='ocrx_word' id='word_1_60' title='bbox 992 1379 1158 1440; x_wconf 83' lang='lat' dir='ltr'>litterarum</span> 
     </span>
    </p>
   </div>
   <div class='ocr_carea' id='block_1_3' title="bbox 11 1483 1158 1562">
    <p class='ocr_par' dir='ltr' id='par_1_5' title="bbox 11 1483 1158 1562">
     <span class='ocr_line' id='line_1_10' title="bbox 11 1483 1158 1562; baseline 0.001 -17"><span class='ocrx_word' id='word_1_61' title='bbox 11 1483 12 1507; x_wconf 39' lang='lat' dir='ltr'>l</span> <span class='ocrx_word' id='word_1_62' title='bbox 115 1490 145 1545; x_wconf 87' lang='lat' dir='ltr'>et</span> <span class='ocrx_word' id='word_1_63' title='bbox 167 1485 290 1544; x_wconf 88' lang='lat' dir='ltr'>maioris</span> <span class='ocrx_word' id='word_1_64' title='bbox 313 1485 412 1544; x_wconf 85' lang='lat' dir='ltr'>cultus</span> <span class='ocrx_word' id='word_1_65' title='bbox 434 1484 532 1544; x_wconf 90' lang='lat' dir='ltr'>civilis</span> <span class='ocrx_word' id='word_1_66' title='bbox 555 1485 635 1561; x_wconf 90' lang='lat' dir='ltr'>apud</span> <span class='ocrx_word' id='word_1_67' title='bbox 666 1503 698 1545; x_wconf 89' lang='lat' dir='ltr'>se</span> <span class='ocrx_word' id='word_1_68' title='bbox 728 1485 868 1545; x_wconf 82' lang='lat' dir='ltr'>videnmt</span> <span class='ocrx_word' id='word_1_69' title='bbox 888 1487 991 1562; x_wconf 89' lang='lat' dir='ltr'>plures</span> <span class='ocrx_word' id='word_1_70' title='bbox 1013 1486 1158 1560; x_wconf 88' lang='lat' dir='ltr'>nationes,</span> 
     </span>
    </p>
   </div>
   <div class='ocr_carea' id='block_1_4' title="bbox 115 1590 1159 1669">
    <p class='ocr_par' dir='ltr' id='par_1_6' title="bbox 115 1590 1159 1669">
     <span class='ocr_line' id='line_1_11' title="bbox 115 1590 1159 1669; baseline 0 -19"><span class='ocrx_word' id='word_1_71' title='bbox 115 1609 242 1669; x_wconf 91' lang='lat' dir='ltr'>quarum</span> <span class='ocrx_word' id='word_1_72' title='bbox 264 1591 442 1666; x_wconf 89' lang='lat' dir='ltr'>comparatio</span> <span class='ocrx_word' id='word_1_73' title='bbox 465 1595 600 1650; x_wconf 87' lang='lat' dir='ltr'>accurata</span> <span class='ocrx_word' id='word_1_74' title='bbox 623 1590 761 1650; x_wconf 86' lang='lat' dir='ltr'>instituta</span> <span class='ocrx_word' id='word_1_75' title='bbox 783 1591 834 1666; x_wconf 91' lang='lat' dir='ltr'>iis,</span> <span class='ocrx_word' id='word_1_76' title='bbox 857 1610 932 1669; x_wconf 88' lang='lat' dir='ltr'>quae</span> <span class='ocrx_word' id='word_1_77' title='bbox 955 1591 1004 1651; x_wconf 87' lang='lat' dir='ltr'>bio</span> <span class='ocrx_word' id='word_1_78' title='bbox 1027 1591 1159 1668; x_wconf 90' lang='lat' dir='ltr'>disputa-</span> 
     </span>
    </p>
   </div>
   <div class='ocr_carea' id='block_1_5' title="bbox 9 1680 1162 2310">
    <p class='ocr_par' dir='ltr' id='par_1_7' title="bbox 9 1680 1162 2310">
     <span class='ocr_line' id='line_1_12' title="bbox 10 1680 1161 1771; baseline 0 -16"><span class='ocrx_word' id='word_1_79' title='bbox 10 1680 11 1734; x_wconf 43' lang='grc' dir='ltr'><strong>ἶ</strong></span> <span class='ocrx_word' id='word_1_80' title='bbox 115 1715 197 1771; x_wconf 87' lang='lat' dir='ltr'>mus,</span> <span class='ocrx_word' id='word_1_81' title='bbox 231 1695 360 1754; x_wconf 88' lang='lat' dir='ltr'>multum</span> <span class='ocrx_word' id='word_1_82' title='bbox 387 1695 464 1755; x_wconf 92' lang='lat' dir='ltr'>lucis</span> <span class='ocrx_word' id='word_1_83' title='bbox 494 1697 599 1755; x_wconf 89' lang='lat' dir='ltr'>afferre</span> <span class='ocrx_word' id='word_1_84' title='bbox 628 1696 730 1771; x_wconf 90' lang='lat' dir='ltr'>possit.</span> <span class='ocrx_word' id='word_1_85' title='bbox 774 1694 866 1770; x_wconf 88' lang='lat' dir='ltr'>Nam,</span> <span class='ocrx_word' id='word_1_86' title='bbox 899 1702 933 1756; x_wconf 90' lang='lat' dir='ltr'>ut</span> <span class='ocrx_word' id='word_1_87' title='bbox 963 1697 1038 1756; x_wconf 87' lang='lat' dir='ltr'>duas</span> <span class='ocrx_word' id='word_1_88' title='bbox 1067 1697 1161 1756; x_wconf 87' lang='lat' dir='ltr'>obiter</span> 
     </span>
     <span class='ocr_line' id='line_1_13' title="bbox 10 1800 1160 1878; baseline -0.001 -16"><span class='ocrx_word' id='word_1_89' title='bbox 10 1827 11 1836; x_wconf 49' lang='lat'>¹</span> <span class='ocrx_word' id='word_1_90' title='bbox 115 1807 251 1877; x_wconf 86' lang='lat' dir='ltr'>tangam,</span> <span class='ocrx_word' id='word_1_91' title='bbox 278 1804 310 1859; x_wconf 90' lang='lat' dir='ltr'>et</span> <span class='ocrx_word' id='word_1_92' title='bbox 339 1800 418 1860; x_wconf 87' lang='lat' dir='ltr'>inter</span> <span class='ocrx_word' id='word_1_93' title='bbox 447 1818 480 1860; x_wconf 91' lang='lat' dir='ltr'>se</span> <span class='ocrx_word' id='word_1_94' title='bbox 509 1805 540 1860; x_wconf 88' lang='lat' dir='ltr'>et</span> <span class='ocrx_word' id='word_1_95' title='bbox 563 1800 684 1861; x_wconf 79' lang='lat' dir='ltr'>Graecis</span> <span class='ocrx_word' id='word_1_96' title='bbox 713 1802 795 1860; x_wconf 91' lang='lat' dir='ltr'>omni</span> <span class='ocrx_word' id='word_1_97' title='bbox 824 1805 907 1878; x_wconf 82' lang='lat' dir='ltr'>parte</span> <span class='ocrx_word' id='word_1_98' title='bbox 935 1801 1160 1876; x_wconf 90' lang='lat' dir='ltr'>dissimillimas,</span> 
     </span>
     <span class='ocr_line' id='line_1_14' title="bbox 10 1904 1162 1984; baseline -0.003 -14"><span class='ocrx_word' id='word_1_99' title='bbox 10 1963 11 1970; x_wconf 72' lang='grc'>,</span> <span class='ocrx_word' id='word_1_100' title='bbox 116 1911 233 1967; x_wconf 89' lang='lat' dir='ltr'>constat</span> <span class='ocrx_word' id='word_1_101' title='bbox 259 1907 339 1965; x_wconf 88' lang='lat' dir='ltr'>inter</span> <span class='ocrx_word' id='word_1_102' title='bbox 366 1906 480 1980; x_wconf 89' lang='lat' dir='ltr'>doctos,</span> <span class='ocrx_word' id='word_1_103' title='bbox 510 1906 542 1964; x_wconf 92' lang='lat' dir='ltr'>in</span> <span class='ocrx_word' id='word_1_104' title='bbox 566 1904 725 1965; x_wconf 82' lang='lat' dir='ltr'>Germania</span> <span class='ocrx_word' id='word_1_105' title='bbox 750 1910 864 1980; x_wconf 85' lang='lat' dir='ltr'>nostra,</span> <span class='ocrx_word' id='word_1_106' title='bbox 894 1925 970 1984; x_wconf 88' lang='lat' dir='ltr'>quae</span> <span class='ocrx_word' id='word_1_107' title='bbox 1000 1907 1162 1967; x_wconf 84' lang='lat' dir='ltr'>domestica</span> 
     </span>
     <span class='ocr_line' id='line_1_15' title="bbox 9 2010 1161 2087; baseline -0.002 -15"><span class='ocrx_word' id='word_1_108' title='bbox 9 2035 10 2039; x_wconf 45' lang='lat'>¹</span> <span class='ocrx_word' id='word_1_109' title='bbox 115 2011 194 2072; x_wconf 88' lang='lat' dir='ltr'>bella</span> <span class='ocrx_word' id='word_1_110' title='bbox 217 2015 249 2071; x_wconf 88' lang='lat' dir='ltr'>et</span> <span class='ocrx_word' id='word_1_111' title='bbox 269 2011 440 2087; x_wconf 83' lang='lat' dir='ltr'>principum</span> <span class='ocrx_word' id='word_1_112' title='bbox 462 2011 631 2087; x_wconf 84' lang='lat' dir='ltr'>ducumque</span> <span class='ocrx_word' id='word_1_113' title='bbox 652 2028 773 2071; x_wconf 88' lang='lat' dir='ltr'>suorum</span> <span class='ocrx_word' id='word_1_114' title='bbox 798 2016 883 2086; x_wconf 85' lang='lat' dir='ltr'>gesta</span> <span class='ocrx_word' id='word_1_115' title='bbox 903 2011 963 2071; x_wconf 90' lang='lat' dir='ltr'>iam</span> <span class='ocrx_word' id='word_1_116' title='bbox 985 2017 1055 2072; x_wconf 87' lang='lat' dir='ltr'>aute</span> <span class='ocrx_word' id='word_1_117' title='bbox 1078 2010 1161 2071; x_wconf 78' lang='lat' dir='ltr'>&#39;laei-</span> 
     </span>
     <span class='ocr_line' id='line_1_16' title="bbox 9 2115 1162 2203; baseline 0 -27"><span class='ocrx_word' id='word_1_118' title='bbox 9 2129 13 2203; x_wconf 51' lang='lat'>73</span> <span class='ocrx_word' id='word_1_119' title='bbox 116 2122 181 2176; x_wconf 86' lang='lat' dir='ltr'>tum</span> <span class='ocrx_word' id='word_1_120' title='bbox 205 2115 393 2175; x_wconf 78' lang='lat' dir='ltr'>Carminibus</span> <span class='ocrx_word' id='word_1_121' title='bbox 416 2116 629 2189; x_wconf 78' lang='lat' dir='ltr'>celebraverat,</span> <span class='ocrx_word' id='word_1_122' title='bbox 657 2115 712 2176; x_wconf 88' lang='lat' dir='ltr'>bas</span> <span class='ocrx_word' id='word_1_123' title='bbox 734 2116 881 2192; x_wconf 86' lang='lat' dir='ltr'>primitias</span> <span class='ocrx_word' id='word_1_124' title='bbox 901 2117 986 2176; x_wconf 90' lang='lat' dir='ltr'>rudis</span> <span class='ocrx_word' id='word_1_125' title='bbox 1008 2117 1123 2193; x_wconf 86' lang='lat' dir='ltr'>ingenii</span> <span class='ocrx_word' id='word_1_126' title='bbox 1144 2137 1162 2176; x_wconf 88' lang='lat' dir='ltr'>a</span> 
     </span>
     <span class='ocr_line' id='line_1_17' title="bbox 9 2220 1161 2310; baseline 0 -29"><span class='ocrx_word' id='word_1_127' title='bbox 9 2270 10 2310; x_wconf 78' lang='lat'>,</span> <span class='ocrx_word' id='word_1_128' title='bbox 117 2221 220 2281; x_wconf 82' lang='lat' dir='ltr'>Carolo</span> <span class='ocrx_word' id='word_1_129' title='bbox 233 2221 273 2280; x_wconf 89' lang='lat' dir='ltr'>M.</span> <span class='ocrx_word' id='word_1_130' title='bbox 286 2221 408 2281; x_wconf 87' lang='lat' dir='ltr'>tandem</span> <span class='ocrx_word' id='word_1_131' title='bbox 430 2221 570 2281; x_wconf 88' lang='lat' dir='ltr'>collectas</span> <span class='ocrx_word' id='word_1_132' title='bbox 593 2239 660 2281; x_wconf 91' lang='lat' dir='ltr'>esse</span> <span class='ocrx_word' id='word_1_133' title='bbox 682 2226 712 2282; x_wconf 89' lang='lat' dir='ltr'>et</span> <span class='ocrx_word' id='word_1_134' title='bbox 733 2220 818 2280; x_wconf 84' lang='lat' dir='ltr'>libris</span> <span class='ocrx_word' id='word_1_135' title='bbox 841 2223 1006 2299; x_wconf 88' lang='lat' dir='ltr'>mandatas;</span> <span class='ocrx_word' id='word_1_136' title='bbox 1029 2223 1161 2299; x_wconf 89' lang='lat' dir='ltr'>itemque</span> 
     </span>
    </p>
   </div>
   <div class='ocr_carea' id='block_1_6' title="bbox 117 2325 1163 2614">
    <p class='ocr_par' dir='ltr' id='par_1_8' title="bbox 117 2325 1163 2614">
     <span class='ocr_line' id='line_1_18' title="bbox 117 2325 1162 2403; baseline -0.002 -17"><span class='ocrx_word' id='word_1_137' title='bbox 117 2327 230 2386; x_wconf 81' lang='lat' dir='ltr'>Arabes</span> <span class='ocrx_word' id='word_1_138' title='bbox 263 2345 324 2386; x_wconf 92' lang='lat' dir='ltr'>non</span> <span class='ocrx_word' id='word_1_139' title='bbox 357 2331 426 2386; x_wconf 89' lang='lat' dir='ltr'>ante</span> <span class='ocrx_word' id='word_1_140' title='bbox 458 2325 524 2387; x_wconf 87' lang='lat' dir='ltr'>VII.</span> <span class='ocrx_word' id='word_1_141' title='bbox 563 2344 638 2386; x_wconf 90' lang='lat' dir='ltr'>saec.</span> <span class='ocrx_word' id='word_1_142' title='bbox 671 2325 854 2386; x_wconf 79' lang='lat' dir='ltr'>inconditam</span> <span class='ocrx_word' id='word_1_143' title='bbox 888 2326 994 2402; x_wconf 70' lang='lat' dir='ltr'>poesin</span> <span class='ocrx_word' id='word_1_144' title='bbox 1031 2327 1162 2403; x_wconf 90' lang='lat' dir='ltr'>priorum</span> 
     </span>
     <span class='ocr_line' id='line_1_19' title="bbox 117 2430 1163 2508; baseline 0 -18"><span class='ocrx_word' id='word_1_145' title='bbox 117 2437 249 2491; x_wconf 89' lang='lat' dir='ltr'>aetatum</span> <span class='ocrx_word' id='word_1_146' title='bbox 276 2431 419 2490; x_wconf 92' lang='lat' dir='ltr'>memoria</span> <span class='ocrx_word' id='word_1_147' title='bbox 439 2435 631 2508; x_wconf 84' lang='lat' dir='ltr'>propagatam</span> <span class='ocrx_word' id='word_1_148' title='bbox 661 2430 884 2490; x_wconf 88' lang='lat' dir='ltr'>collectionibus</span> <span class='ocrx_word' id='word_1_149' title='bbox 907 2431 1053 2502; x_wconf 71' lang='lat' dir='ltr'>(Dabaais)</span> <span class='ocrx_word' id='word_1_150' title='bbox 1084 2450 1163 2491; x_wconf 90' lang='lat' dir='ltr'>eom-</span> 
     </span>
     <span class='ocr_line' id='line_1_20' title="bbox 118 2535 1163 2614; baseline -0.002 -17"><span class='ocrx_word' id='word_1_151' title='bbox 118 2537 304 2614; x_wconf 89' lang='lat' dir='ltr'>preheudere</span> <span class='ocrx_word' id='word_1_152' title='bbox 329 2539 478 2613; x_wconf 89' lang='lat' dir='ltr'>coepisse,</span> <span class='ocrx_word' id='word_1_153' title='bbox 507 2537 666 2614; x_wconf 87' lang='lat' dir='ltr'>ipsumque</span> <span class='ocrx_word' id='word_1_154' title='bbox 685 2535 834 2596; x_wconf 78' lang='lat' dir='ltr'>Coranum</span> <span class='ocrx_word' id='word_1_155' title='bbox 859 2536 1031 2596; x_wconf 83' lang='lat' dir='ltr'>diversitate</span> <span class='ocrx_word' id='word_1_156' title='bbox 1053 2537 1163 2612; x_wconf 88' lang='lat' dir='ltr'>primo-</span> 
     </span>
    </p>
   </div>
   <div class='ocr_carea' id='block_1_7' title="bbox 8 2627 1163 2702">
    <p class='ocr_par' dir='ltr' id='par_1_9' title="bbox 8 2627 1163 2702">
     <span class='ocr_line' id='line_1_21' title="bbox 8 2627 1163 2702; baseline 0 -2"><span class='ocrx_word' id='word_1_157' title='bbox 8 2662 13 2689; x_wconf 77' lang='grc' dir='ltr'>ι</span> <span class='ocrx_word' id='word_1_158' title='bbox 117 2661 184 2700; x_wconf 88' lang='lat' dir='ltr'>rum</span> <span class='ocrx_word' id='word_1_159' title='bbox 200 2646 338 2701; x_wconf 84' lang='lat' dir='ltr'>textuum</span> <span class='ocrx_word' id='word_1_160' title='bbox 358 2641 489 2701; x_wconf 88' lang='lat' dir='ltr'>similem</span> <span class='ocrx_word' id='word_1_161' title='bbox 504 2642 633 2701; x_wconf 91' lang='lat' dir='ltr'>Homero</span> <span class='ocrx_word' id='word_1_162' title='bbox 655 2641 804 2700; x_wconf 80' lang='lat' dir='ltr'>fortunam</span> <span class='ocrx_word' id='word_1_163' title='bbox 817 2627 930 2701; x_wconf 79' lang='lat' dir='ltr'>lateri·</span> <span class='ocrx_word' id='word_1_164' title='bbox 964 2641 1088 2702; x_wconf 87' lang='lat' dir='ltr'>Praeter</span> <span class='ocrx_word' id='word_1_165' title='bbox 1109 2642 1163 2701; x_wconf 92' lang='lat' dir='ltr'>hos</span> 
     </span>
    </p>
   </div>
   <div class='ocr_carea' id='block_1_8' title="bbox 118 2746 1163 2826">
    <p class='ocr_par' dir='ltr' id='par_1_10' title="bbox 118 2746 1163 2826">
     <span class='ocr_line' id='line_1_22' title="bbox 118 2746 1163 2826; baseline 0.001 -20"><span class='ocrx_word' id='word_1_166' title='bbox 118 2752 148 2806; x_wconf 88' lang='lat' dir='ltr'>et</span> <span class='ocrx_word' id='word_1_167' title='bbox 169 2747 244 2806; x_wconf 89' lang='lat' dir='ltr'>alios</span> <span class='ocrx_word' id='word_1_168' title='bbox 266 2747 392 2823; x_wconf 89' lang='lat' dir='ltr'>populos</span> <span class='ocrx_word' id='word_1_169' title='bbox 415 2746 605 2824; x_wconf 89' lang='lat' dir='ltr'>comparandi</span> <span class='ocrx_word' id='word_1_170' title='bbox 627 2751 716 2805; x_wconf 90' lang='lat' dir='ltr'>erunt</span> <span class='ocrx_word' id='word_1_171' title='bbox 738 2747 881 2821; x_wconf 77' lang='lat' dir='ltr'>Hebraei,</span> <span class='ocrx_word' id='word_1_172' title='bbox 910 2748 990 2823; x_wconf 91' lang='lat' dir='ltr'>apud</span> <span class='ocrx_word' id='word_1_173' title='bbox 1018 2766 1092 2826; x_wconf 88' lang='lat' dir='ltr'>quos</span> <span class='ocrx_word' id='word_1_174' title='bbox 1115 2748 1163 2807; x_wconf 88' lang='lat' dir='ltr'>lit-</span> 
     </span>
    </p>
   </div>
   <div class='ocr_carea' id='block_1_9' title="bbox 7 2846 1163 2930">
    <p class='ocr_par' dir='ltr' id='par_1_11' title="bbox 7 2846 1163 2930">
     <span class='ocr_line' id='line_1_23' title="bbox 7 2846 1163 2930; baseline -0.001 -19"><span class='ocrx_word' id='word_1_175' title='bbox 7 2846 10 2877; x_wconf 64' lang='lat'><em>*</em></span> <span class='ocrx_word' id='word_1_176' title='bbox 117 2857 248 2911; x_wconf 84' lang='lat' dir='ltr'>terarum</span> <span class='ocrx_word' id='word_1_177' title='bbox 271 2855 302 2910; x_wconf 90' lang='lat' dir='ltr'>et</span> <span class='ocrx_word' id='word_1_178' title='bbox 325 2851 549 2911; x_wconf 81' lang='lat' dir='ltr'>scribendorum</span> <span class='ocrx_word' id='word_1_179' title='bbox 578 2851 721 2911; x_wconf 88' lang='lat' dir='ltr'>librorum</span> <span class='ocrx_word' id='word_1_180' title='bbox 744 2869 817 2910; x_wconf 92' lang='lat' dir='ltr'>usus</span> <span class='ocrx_word' id='word_1_181' title='bbox 840 2851 914 2910; x_wconf 84' lang='lat' dir='ltr'>milri</span> <span class='ocrx_word' id='word_1_182' title='bbox 937 2850 1060 2930; x_wconf 85' lang='lat' dir='ltr'>quidem</span> <span class='ocrx_word' id='word_1_183' title='bbox 1084 2853 1163 2911; x_wconf 79' lang='lat' dir='ltr'>barrd</span> 
     </span>
    </p>
   </div>
   <div class='ocr_carea' id='block_1_10' title="bbox 5 2955 1168 3557">
    <p class='ocr_par' dir='ltr' id='par_1_12' title="bbox 118 2955 1168 3330">
     <span class='ocr_line' id='line_1_24' title="bbox 118 2955 1163 3034; baseline 0 -18"><span class='ocrx_word' id='word_1_184' title='bbox 118 2957 216 3032; x_wconf 89' lang='lat' dir='ltr'>paullo</span> <span class='ocrx_word' id='word_1_185' title='bbox 248 2956 396 3016; x_wconf 75' lang='lat' dir='ltr'>recentIor</span> <span class='ocrx_word' id='word_1_186' title='bbox 426 2955 559 3031; x_wconf 88' lang='lat' dir='ltr'>videtur,</span> <span class='ocrx_word' id='word_1_187' title='bbox 593 2975 681 3034; x_wconf 91' lang='lat' dir='ltr'>quam</span> <span class='ocrx_word' id='word_1_188' title='bbox 711 2957 801 3032; x_wconf 87' lang='lat' dir='ltr'>vulgo</span> <span class='ocrx_word' id='word_1_189' title='bbox 833 2961 968 3033; x_wconf 88' lang='lat' dir='ltr'>putatur,</span> <span class='ocrx_word' id='word_1_190' title='bbox 1001 2962 1031 3017; x_wconf 89' lang='lat' dir='ltr'>et</span> <span class='ocrx_word' id='word_1_191' title='bbox 1063 2956 1163 3017; x_wconf 91' lang='lat' dir='ltr'>miuus</span> 
     </span>
     <span class='ocr_line' id='line_1_25' title="bbox 120 3061 1166 3140; baseline 0.001 -20"><span class='ocrx_word' id='word_1_192' title='bbox 120 3062 192 3122; x_wconf 82' lang='lat' dir='ltr'>adeo</span> <span class='ocrx_word' id='word_1_193' title='bbox 214 3061 380 3138; x_wconf 87' lang='lat' dir='ltr'>genuinum</span> <span class='ocrx_word' id='word_1_194' title='bbox 401 3079 508 3138; x_wconf 90' lang='lat' dir='ltr'>corpus</span> <span class='ocrx_word' id='word_1_195' title='bbox 536 3062 727 3139; x_wconf 87' lang='lat' dir='ltr'>scriptorum,</span> <span class='ocrx_word' id='word_1_196' title='bbox 756 3061 931 3138; x_wconf 88' lang='lat' dir='ltr'>praesertim</span> <span class='ocrx_word' id='word_1_197' title='bbox 954 3062 1166 3140; x_wconf 86' lang='lat' dir='ltr'>antiquiorum.</span> 
     </span>
     <span class='ocr_line' id='line_1_26' title="bbox 121 3164 1168 3226; baseline 0.001 -2"><span class='ocrx_word' id='word_1_198' title='bbox 121 3164 177 3226; x_wconf 86' lang='lat' dir='ltr'>Sed</span> <span class='ocrx_word' id='word_1_199' title='bbox 200 3166 238 3225; x_wconf 88' lang='lat' dir='ltr'>de</span> <span class='ocrx_word' id='word_1_200' title='bbox 260 3165 308 3224; x_wconf 91' lang='lat' dir='ltr'>his</span> <span class='ocrx_word' id='word_1_201' title='bbox 334 3169 365 3225; x_wconf 90' lang='lat' dir='ltr'>et</span> <span class='ocrx_word' id='word_1_202' title='bbox 384 3165 520 3226; x_wconf 85' lang='lat' dir='ltr'>Arabicis</span> <span class='ocrx_word' id='word_1_203' title='bbox 540 3165 602 3226; x_wconf 88' lang='lat' dir='ltr'>illis</span> <span class='ocrx_word' id='word_1_204' title='bbox 622 3165 846 3226; x_wconf 88' lang='lat' dir='ltr'>collectionibus</span> <span class='ocrx_word' id='word_1_205' title='bbox 868 3165 999 3225; x_wconf 86' lang='lat' dir='ltr'>viderint</span> <span class='ocrx_word' id='word_1_206' title='bbox 1029 3165 1168 3225; x_wconf 89' lang='lat' dir='ltr'>homines</span> 
     </span>
     <span class='ocr_line' id='line_1_27' title="bbox 121 3268 523 3330; baseline 0 -1"><span class='ocrx_word' id='word_1_207' title='bbox 121 3271 228 3329; x_wconf 86' lang='lat' dir='ltr'>eruditi</span> <span class='ocrx_word' id='word_1_208' title='bbox 251 3269 361 3329; x_wconf 86' lang='lat' dir='ltr'>litteris</span> <span class='ocrx_word' id='word_1_209' title='bbox 384 3268 523 3330; x_wconf 88' lang='lat' dir='ltr'>Orientis.</span> 
     </span>
    </p>

    <p class='ocr_par' dir='ltr' id='par_1_13' title="bbox 5 3373 1166 3557">
     <span class='ocr_line' id='line_1_28' title="bbox 5 3373 1166 3452; baseline -0.001 -20"><span class='ocrx_word' id='word_1_210' title='bbox 5 3439 6 3442; x_wconf 8' lang='grc' dir='ltr'><strong>Ἴ</strong></span> <span class='ocrx_word' id='word_1_211' title='bbox 203 3374 252 3433; x_wconf 87' lang='lat' dir='ltr'>Ad</span> <span class='ocrx_word' id='word_1_212' title='bbox 283 3373 411 3434; x_wconf 83' lang='lat' dir='ltr'>Graecos</span> <span class='ocrx_word' id='word_1_213' title='bbox 444 3374 630 3435; x_wconf 84' lang='lat' dir='ltr'>revertimur.</span> <span class='ocrx_word' id='word_1_214' title='bbox 683 3375 740 3448; x_wconf 82' lang='lat' dir='ltr'>Qui</span> <span class='ocrx_word' id='word_1_215' title='bbox 777 3379 970 3452; x_wconf 87' lang='lat' dir='ltr'>posteaquam</span> <span class='ocrx_word' id='word_1_216' title='bbox 1002 3374 1166 3435; x_wconf 88' lang='lat' dir='ltr'>Homerum</span> 
     </span>
     <span class='ocr_line' id='line_1_29' title="bbox 5 3465 1165 3557; baseline 0.003 -21"><span class='ocrx_word' id='word_1_217' title='bbox 5 3465 7 3512; x_wconf 52' lang='lat' dir='ltr'>l</span> <span class='ocrx_word' id='word_1_218' title='bbox 122 3495 206 3538; x_wconf 90' lang='lat' dir='ltr'>suum</span> <span class='ocrx_word' id='word_1_219' title='bbox 221 3477 419 3554; x_wconf 83' lang='lat' dir='ltr'>collegerant,</span> <span class='ocrx_word' id='word_1_220' title='bbox 438 3497 584 3557; x_wconf 88' lang='lat' dir='ltr'>perquam</span> <span class='ocrx_word' id='word_1_221' title='bbox 598 3480 761 3540; x_wconf 87' lang='lat' dir='ltr'>verisimile</span> <span class='ocrx_word' id='word_1_222' title='bbox 777 3485 836 3552; x_wconf 88' lang='lat' dir='ltr'>est,</span> <span class='ocrx_word' id='word_1_223' title='bbox 855 3498 906 3540; x_wconf 89' lang='lat' dir='ltr'>eos</span> <span class='ocrx_word' id='word_1_224' title='bbox 922 3480 1047 3539; x_wconf 86' lang='lat' dir='ltr'>eandem</span> <span class='ocrx_word' id='word_1_225' title='bbox 1062 3499 1165 3540; x_wconf 89' lang='lat' dir='ltr'>curam</span> 
     </span>
    </p>
   </div>
   <div class='ocr_carea' id='block_1_11' title="bbox 208 3685 1168 3760">
    <p class='ocr_par' dir='ltr' id='par_1_14' title="bbox 208 3685 1168 3760">
     <span class='ocr_line' id='line_1_30' title="bbox 208 3685 1168 3760; baseline 0.001 -17"><span class='ocrx_word' id='word_1_226' title='bbox 208 3689 252 3758; x_wconf 89' lang='grc'>18)</span> <span class='ocrx_word' id='word_1_227' title='bbox 275 3685 322 3740; x_wconf 86' lang='grc' dir='ltr'><em>Ἢ</em></span> <span class='ocrx_word' id='word_1_228' title='bbox 352 3690 437 3742; x_wconf 84' lang='grc' dir='ltr'><strong><em>αὐτὸν</em></strong></span> <span class='ocrx_word' id='word_1_229' title='bbox 467 3693 679 3760; x_wconf 80' lang='grc' dir='ltr'><strong><em>Πεισίστρατον,</em></strong></span> <span class='ocrx_word' id='word_1_230' title='bbox 711 3695 726 3756; x_wconf 79' lang='grc' dir='ltr'>ἢ</span> <span class='ocrx_word' id='word_1_231' title='bbox 761 3693 838 3743; x_wconf 88' lang='lat' dir='ltr'>TON</span> <span class='ocrx_word' id='word_1_232' title='bbox 867 3694 960 3742; x_wconf 87' lang='lat' dir='ltr'><em>TINA</em></span> <span class='ocrx_word' id='word_1_233' title='bbox 986 3693 1168 3758; x_wconf 83' lang='grc' dir='ltr'><em>ΕΤΛΙΡΩΝ,</em></span> 
     </span>
    </p>
   </div>
   <div class='ocr_carea' id='block_1_12' title="bbox 123 3777 684 3847">
    <p class='ocr_par' dir='ltr' id='par_1_15' title="bbox 5 3767 684 3847">
     <span class='ocr_line' id='line_1_31' title="bbox 123 3777 684 3847; baseline -0.012 -12.39"><span class='ocrx_word' id='word_1_234' title='bbox 123 3786 307 3845; x_wconf 80' lang='grc' dir='ltr'><strong><em>μεταποιῆσαι</em></strong></span> <span class='ocrx_word' id='word_1_235' title='bbox 325 3779 357 3830; x_wconf 89' lang='grc' dir='ltr'>τὸ</span> <span class='ocrx_word' id='word_1_236' title='bbox 378 3779 468 3847; x_wconf 73' lang='grc' dir='ltr'><strong><em>ὄνομα</em></strong></span> <span class='ocrx_word' id='word_1_237' title='bbox 489 3777 543 3829; x_wconf 81' lang='grc' dir='ltr'>ὑπὸ</span> <span class='ocrx_word' id='word_1_238' title='bbox 563 3777 684 3846; x_wconf 81' lang='grc' dir='ltr'><strong><em>ἀγνοίας.</em></strong></span> 
     </span>
    </p>
   </div>
   <div class='ocr_carea' id='block_1_13' title="bbox 0 0 1507 4576">
    <p class='ocr_par' dir='ltr' id='par_1_16' title="bbox 0 0 1507 4576">
     <span class='ocr_line' id='line_1_32' title="bbox 0 0 1507 4576; baseline 0 0"><span class='ocrx_word' id='word_1_239' title='bbox 0 0 1507 4576; x_wconf 95' lang='lat' dir='ltr'> </span> 
     </span>
    </p>
   </div>
  </div>
 </body>
</html>
