3048 4588
599 324 763 378 Prolegomeno.
1167 321 1201 376 63

157 508 265 568 ecdem
290 507 470 584 significatio
501 507 542 566 sit
570 524 694 567 neeesse
723 511 783 578 est,
810 523 886 584 quae
914 505 986 564 alibi
1013 504 1123 581 ubique
1146 507 1201 577 est,

156 612 293 672 fodiendi
316 631 370 672 seu
392 611 553 689 sculpendi.
599 611 713 672 Sensus
742 611 866 670 alterius
887 610 958 683 loci,
989 602 1015 683 ζ.
1040 609 1111 669 168.
1128 625 1202 686 sqq,

156 717 331 795 impeditior
363 717 460 778 tactus
494 721 541 778 est
571 717 609 776 ab
641 716 697 791 iis,
731 717 784 794 qui
815 733 913 775 mores
939 714 1112 774 Homericos
1141 731 1202 772 non

119 883 124 892 ,
156 823 274 882 discere
296 824 333 882 ab
356 823 423 897 illo,
459 823 513 882 sed
545 823 578 882 in
601 840 670 881 eum
692 821 817 897 inferre,
849 825 879 880 et
903 838 981 896 vaga
1001 819 1143 878 vocabule
1165 818 1203 877 sd
1230 823 1234 832 '

157 928 407 987 consuetudinem
428 928 477 987 sui
499 927 613 987 soeculi
633 931 772 1004 torquere
797 926 939 986 solebant.
985 925 1028 983 Ac
1043 928 1123 984 certe
1146 923 1203 982 hoc

155 1019 229 1092 locov
243 1035 280 1091 ut
300 1032 459 1109 epistolem
480 1037 652 1110 exspectes,
673 1031 791 1090 inducit
813 1029 1029 1109 quodammodo
1050 1029 1117 1106 ipsa
1137 1045 1201 1105 res3

155 1137 306 1197 inducunt
321 1131 465 1218 σήματα,·
479 1132 562 1218 (quis
584 1137 681 1197 nescit
699 1131 871 1196 Φοινικικὰ
887 1129 1014 1218 σήματα
1028 1127 1166 1210 Κάδμου
1173 1126 1202 1213 l)

155 1242 276 1302 inducit
295 1233 396 1316 πίναξ
416 1235 572 1317 πτικτός,
593 1241 695 1300 tabella
716 1241 890 1316 complicato,
913 1241 980 1315 vel,
1006 1239 1120 1317 siquid
1142 1238 1203 1298 ele·

156 1347 279 1422 gentius
294 1347 426 1424 quaeris,
446 1342 649 1426 commotast).
694 1347 741 1406 Ita
754 1365 825 1406 vero
844 1339 1034 1426 magnolpere
1047 1343 1202 1403 mirandus
1211 1355 1246 1410 83

157 1456 222 1511 erat
243 1469 409 1512 consensus
431 1453 622 1530 antiquorum
643 1451 858 1528 interpretum,
888 1451 942 1529 qui
970 1451 1095 1509 verbum
1124 1442 1202 1530 γρά-

156 1573 231 1638 φειν
253 1557 304 1615 hic
326 1575 445 1635 quoque
459 1558 621 1617 voluerunt
635 1574 703 1616 esse
721 1551 896 1638 χαράσσειν
918 1573 942 1615 s.
958 1545 1053 1630 ξὲειν,
1076 1547 1202 1636 σήματα

156 1661 258 1719 nativa
287 1661 319 1718 vi
349 1649 468 1720 εἴδωλά
494 1679 582 1738 τινα,
613 1651 736 1721 πίνακα
768 1661 899 1739 denique
923 1649 1039 1721 σανίδα
1061 1678 1083 1719 s.
1107 1651 1201 1734 ξυλή-

157 1759 293 1847 ριον46).
318 1761 322 1849 l
360 1767 529 1826 Permirum
551 1772 613 1841 est,
635 1767 773 1845 iuquam,
795 1785 862 1841 eos,
886 1765 1125 1844 quialiastento
1140 1767 1246 1830 stu-84
1349 1833 1353 1842 ι

154 1963 269 2026 ἄλλους,
296 1954 339 2020 οἷς
364 1961 541 2015 ἐπεδείκνυτο
567 1962 704 2030 ὁκλήρος,
739 1961 809 2014 Item
827 1935 951 2014 Eusteth.
968 1977 994 2029 p.
1014 1959 1072 2014 674.
1093 1960 1134 2014 35.
1162 1960 1202 2012 oe

155 2050 310 2118 γράμματα
328 2051 443 2114 νοητέον
460 2049 489 2108 ἐξ
505 2048 626 2117 ἀνάγκης
643 2047 679 2100 τδι
697 2049 812 2100 τοιαῦτα
829 2049 952 2118 σήματα,
972 2048 1072 2100 εἴδωλα
1090 2047 1124 2099 δέ
1139 2065 1201 2100 τινα

154 2139 174 2201 ἢ
200 2137 295 2196 ἁπλῶς
320 2136 503 2204 ἰκτωπώματα
530 2136 560 2188 ἔν
587 2136 761 2204 ὑποκειμένῳ
787 2137 900 2199 εὐτελεῖ,
935 2135 1049 2202 λιθιδίιρ
1074 2135 1159 2204 τυχὸν
1186 2138 1202 2200 ἢ

155 2225 280 2293 ξυληφίῳ
298 2227 314 2290 ἢ
332 2223 449 2290 τοιούτῳ
466 2227 530 2277 τινί.
1008 2227 1010 2234 “

244 2311 290 2377 45)
309 2309 354 2364 Sic
372 2311 428 2364 tere
455 2311 550 2378 optimi
576 2310 666 2379 Intpp.
691 2310 861 2380 Franccgnlli
879 2310 1013 2380 plerique,
1041 2307 1088 2362 des
1114 2307 1202 2362 lettres

155 2395 220 2448 bico
237 2396 358 2462 acetum
376 2397 490 2466 Popins,
509 2396 636 2450 created
653 2396 749 2461 sabim
769 2398 817 2452 alii
836 2398 970 2453 similiter.
1008 2396 1092 2462 Quasi
1105 2396 1203 2451 Istius

154 2484 205 2538 ills
230 2485 260 2537 in
284 2487 364 2538 textu
390 2484 538 2538 vertissent
564 2484 739 2554 eGicerone,
767 2488 815 2538 aut
839 2485 1047 2554 descriptionem
1070 2483 1201 2552 plicatilis

153 2571 263 2626 tabidae
282 2572 462 2641 sumpsissent
477 2589 512 2625 ex
529 2572 676 2627 Herodian.
694 2573 766 2626 Hist.
785 2571 808 2641 I,
831 2574 885 2642 17,
911 2573 982 2642 apud
1001 2588 1082 2642 quem
1099 2571 1162 2640 VH,
1175 2571 1200 2625 6.

155 2643 278 2738 νῖρκτοὺς
296 2662 415 2718 πίνακας
432 2657 584 2713 Politienus
608 2660 678 2713 bene
694 2661 777 2714 vertit
802 2659 908 2712 litteras
925 2659 1091 2727 οδιιμιαισι.
1126 2658 1201 2713 Num

155 2747 240 2801 etiam
260 2745 359 2800 Pollux
376 2745 528 2802 audiendus
547 2747 599 2800 erit
616 2747 664 2816 IV,
685 2746 741 2817 18,
762 2746 810 2802 ubi
828 2747 859 2801 in
870 2764 926 2802 une
944 2747 1012 2802 serie
1026 2765 1089 2802 cum
1105 2762 1201 2801 recen-

153 2833 271 2889 fioribus
297 2834 460 2903 τριπτύχοις
492 2837 521 2887 et
546 2835 739 2905 πολυπτύχοις
765 2834 941 2890 Homericum
969 2840 1075 2888 πίνακα
1101 2834 1200 2890 offen?

154 2920 232 2975 Num
247 2920 371 2990 Tragici?
398 2921 470 2990 apud
497 2937 565 2990 quos
591 2922 720 2992 leguntur
748 2922 872 2985 σανίδες,
900 2926 1017 2992 πτωχαί,
1046 2922 1201 2991 διαπταχαὶ

154 3008 341 3078 γραμμάτων,
364 3010 396 3062 ut
413 3024 455 3077 ap.
473 3009 646 3078 Euripidem,
670 3011 730 3064 tum
753 3009 833 3078 alibi,
857 3011 917 3064 tum
935 3009 1044 3080 Hippol.
1064 3010 1124 3065 856.
1140 3009 1200 3064 Alc.
1220 3038 1225 3048 ·

155 3096 217 3150 970.
254 3095 376 3164 Scilicet,
405 3097 437 3149 ut
461 3096 531 3150 nihil
556 3097 646 3152 dicem
670 3098 703 3151 de
727 3113 802 3151 more
820 3097 1004 3167 tragicorum,
1032 3113 1118 3152 novas
1136 3113 1201 3152 oon-

153 3183 315 3238 suetudines
332 3183 362 3234 iu
373 3182 513 3238 heroicum
528 3201 627 3239 aevum
643 3185 835 3253 transferendi,
852 3184 949 3254 plicari
960 3185 1106 3254 pctuenmt
1121 3184 1201 3238 tubu-

154 3269 199 3324 lae
219 3270 292 3323 omni
310 3271 443 3340 tempore,
461 3271 534 3324 sicut
552 3288 601 3326 nos
613 3271 747 3340 plicamus
760 3273 894 3326 chortam:
914 3273 943 3327 id
955 3289 1040 3327 unum
1054 3270 1200 3341 quaeritur,

155 3374 192 3412 an
218 3357 281 3410 illae
309 3357 381 3411 notis
407 3357 559 3412 litterarum
585 3361 613 3412 et
638 3376 703 3414 vera
729 3359 864 3428 scriptura
891 3360 1065 3429 consignatae
1092 3357 1200 3413 tuerint

155 3444 189 3498 Id
206 3461 262 3499 nos.
274 3461 325 3498 nec
342 3443 453 3514 Polluit,
469 3462 519 3499 nec
535 3446 720 3516 Herodianus,
740 3464 791 3501 nec
807 3447 912 3517 Tragici
932 3448 1035 3502 docent

226 3531 289 3610 Ι46)
306 3533 518 3586 Accuratissime
552 3533 621 3588 hoec
656 3535 829 3604 persequitur
863 3535 986 3590 Eustath.
1018 3551 1043 3603 p.
1069 3533 1128 3588 632.
1142 3549 1200 3602 sqq.

157 3620 334 3690 Γραμμάτων
347 3621 451 3689 χρῆσις
468 3623 584 3690 νεωτέρα
603 3623 692 3675 ἐστίν·
715 3623 839 3682 ὠςαύτως
865 3625 912 3675 καὶ
931 3623 962 3674 τδ
981 3624 1080 3683 δξεστα
1100 3625 1202 3690 σημεῖα

158 3705 207 3758 διὰ
221 3707 379 3776 χρωμάτων
398 3707 536 3761 ἔντυποῡν
554 3708 670 3778 ὕστερον
688 3709 811 3779 εὕρηται·
830 3712 877 3762 καὶ
896 3711 979 3776 ἡτῶν
992 3714 1152 3779 χαρταρίων
1172 3706 1204 3760 δὲ

155 3798 236 3864 χρεία
256 3795 305 3845 τοῦ
322 3794 397 3845 κάτω
410 3793 516 3864 χρόνου
533 3795 646 3867 εὕρημα.
686 3800 720 3850 Οἱ
739 3797 773 3849 δέ
786 3815 819 3865 χε
838 3799 966 3861 παλαιοὶ,
993 3797 1096 3851 ὁποῖόν
1113 3817 1140 3849 τι
1156 3797 1203 3868 καὶ
