2980 4576
532 373 697 425 Prolegomena.
1092 371 1143 424 113

101 554 305 630 Grammatici,
334 562 491 634 postquam
520 556 644 615 Homeri
671 573 761 632 opera
790 555 965 630 periissent,
996 553 1145 612 incertum
1155 563 1206 616 148

0 740 1 745 η
100 662 163 736 igni
177 680 216 720 an
232 667 313 720 motu
330 666 426 722 terrae
440 681 479 720 an
494 664 579 740 aquis
594 664 764 738 absumpta,
782 653 786 740 1
803 660 935 720 edixisse
946 659 1145 732 Pisistratum,
1156 662 1206 714 149

101 860 257 928 ἀπέφερον,
282 862 327 910 καὶ
356 861 512 928 ἐλάμβανον
542 858 737 927 ἀδιαστρόφως
774 857 822 908 τὸν
850 855 1000 925 ὁρισθέντα
1029 857 1144 925 μισθόν,

1 985 2 988 =
103 948 158 999 Οὐκ
180 947 319 999 ἀπεδίωκε
342 947 373 997 δὲ
398 946 462 998 οὐδὲ
485 947 533 1000 τὸν
560 949 680 1014 φέροντα
704 944 752 1003 ott
778 943 829 1009 ἤδη
849 942 1010 1011 προειλήφει
1033 948 1144 1012 στίχους

101 1028 163 1100 παρ’
184 1033 286 1101 ἑτέρου,
305 1033 373 1083 ἀλλά
385 1027 501 1101 κᾴκείνῳ
522 1033 572 1085 τόν
591 1031 675 1084 αὐτόν
694 1031 827 1082 ἐπεδίδου
847 1029 967 1099 μισθόν·
987 1029 1074 1084 ἐνίοτε
1091 1051 1146 1100 γαρ

100 1120 128 1172 ἐν
147 1121 243 1178 αὐτοῖς
270 1119 318 1173 ἕνα
347 1125 362 1186 ἢ
391 1119 441 1172 δύο
470 1125 581 1188 στίχους
609 1119 715 1187 εὕρισκε
743 1117 899 1186 περιττούς,
927 1116 1015 1169 ἐνίοτε
1042 1116 1073 1170 δὲ
1099 1120 1146 1170 καί

101 1209 225 1264 πλείους·
252 1205 319 1259 ὅθεν
341 1226 384 1266 τις
401 1202 460 1258 ἔσθ’
481 1205 525 1258 ὅτε
544 1209 589 1258 καὶ
610 1205 699 1264 ἰδίους
718 1209 907 1275 παρειςέφερε,
936 1207 999 1266 τοὺς
1016 1215 1066 1259 νῦν
1086 1205 1145 1272 ὀβε-

1 1287 2 1304 *
100 1297 266 1362 λιζομένους,
304 1297 360 1345 Καὶ
377 1294 448 1362 μετὰ
466 1294 498 1345 τὸ
517 1294 624 1352 πάντας
642 1298 818 1362 συναγαγεῖν,
845 1297 1029 1364 παρεκάλεσεν
1048 1290 1087 1362 οβ’
1109 1291 1142 1360 (ό

1 1395 2 1398 ’
101 1381 193 1446 Allat.)
214 1383 424 1451 γραμματικοὺς
444 1386 623 1435 συνθεῖναι
646 1381 685 1432 τά
701 1382 759 1432 τοῦ
775 1376 931 1452 Ὀμήρου,
952 1383 1068 1436 ἕκαστον
1086 1375 1142 1433 κατ’

100 1470 184 1530 ἰδίαν,
206 1466 281 1528 ὅπως
299 1469 334 1521 ἀν
354 1469 419 1540 δόξη
437 1470 475 1536 τῷ
488 1472 647 1521 συντιθέντι
668 1467 752 1536 [recte
772 1468 941 1537 συντιθέντι]
960 1471 1047 1528 καλῶς
1063 1467 1145 1536 ἔχειν,

101 1557 147 1606 ἐπὶ
160 1561 260 1625 μισθῷ
270 1559 405 1624 πρέποντι
416 1559 539 1624 λογικοῖς
548 1556 664 1625 ἀνδράσι
676 1558 720 1607 καί
735 1561 840 1624 κριταῖς
854 1558 1025 1624 ποιημάτων,
1041 1556 1146 1622 ἑκάστῳ

3 1641 4 1650 ’
102 1641 228 1700 δεδωκὼς
247 1643 354 1701 πάντας
372 1642 436 1702 τοὺς
450 1647 562 1710 στίχους
573 1637 629 1694 κατ’
647 1642 730 1703 ἰδίαν,
750 1641 833 1702 δσους
852 1636 885 1709 ἦν
904 1644 1080 1712 συναγαγών·
1099 1643 1145 1694 καί

99 1730 169 1798 μετὰ
193 1730 225 1780 τὸ
249 1728 365 1783 ἕκαστον
383 1735 528 1783 συνθεῖναι
547 1731 616 1782 κατὰ
634 1730 683 1794 τὴν
700 1729 799 1782 ἑαυτοῦ
815 1731 937 1799 γνώμην,
957 1733 996 1790 εἰς
1014 1729 1045 1784 ἐν
1063 1733 1145 1798 συνή-

100 1834 169 1884 γαγε
198 1817 306 1875 πάντας
332 1817 395 1875 τοὺς
422 1819 625 1886 προλεχθέντας
649 1817 871 1887 γραμματικοὺς,
899 1818 1061 1886 ὀφείλοντας
1083 1819 1144 1872 ἐπι-

2 1894 3 1897 *
102 1903 190 1962 δεῖξαι
210 1903 417 1970 captaturos
437 1905 487 1969 τὴν
511 1904 587 1958 ἰδίαν
606 1904 747 1967 σύνθεσιν,
771 1904 916 1974 παρόντων
934 1906 1006 1974 όμοῡ
1024 1907 1145 1962 πάντων.

4 2002 7 2015 “
104 1984 188 2043 Οὗτοι
218 1982 268 2042 οὖν
295 1990 514 2060 ἀκροασάμενοι,
540 1992 574 2043 οὐ
601 1991 669 2060 πρὸς
695 1991 766 2060 ἔριν,
796 1991 864 2042 ἀλλά
887 1993 956 2060 πρὸς
979 1993 1010 2044 τὸ
1035 1993 1143 2060 ἀληθές,

4 2128 8 2143 Ι
101 2079 146 2127 καί
172 2085 231 2129 πᾶν
262 2077 294 2127 τὸ
324 2086 357 2144 τῇ
385 2079 494 2149 (πάντη
521 2077 619 2144 Allet.)
645 2081 726 2149 τέχνη
755 2078 880 2148 ἁρμόζον,
907 2077 1017 2147 ἔκριναν
1043 2082 1145 2140 πάντες

4 2229 5 2239 ¹
100 2173 178 2230 κοινῇ
202 2166 249 2214 καί
277 2164 443 2232 ὁμοφώνως,
469 2167 647 2233 ἐπικρατῆσαι
676 2165 726 2230 τὴν
754 2167 887 2218 σύνθεσιν
918 2169 964 2217 καὶ
991 2166 1144 2235 διόρθωσιν

4 2252 8 2312 r'
96 2246 275 2320 Ἀριστάρχου
302 2255 348 2302 καί
365 2251 536 2318 Ζηνοδότου·
565 2254 611 2304 καὶ
640 2254 725 2306 πάλιν
752 2253 861 2322 ἔκριναν
888 2259 942 2306 τῶν
969 2253 1019 2306 δύο
1045 2259 1143 2308 συνθέ-

4 2331 6 2402 ]
101 2339 170 2392 σεών
200 2355 230 2389 τε
260 2340 306 2389 καί
330 2339 509 2413 διορθώσεων
530 2342 656 2406 βελτίονα
682 2340 732 2404 τὴν
755 2335 941 2410 Ἀριστάρχου.
977 2336 1090 2406 Ἐπειδὴ
1113 2342 1146 2395 δέ

100 2443 170 2484 τινες
188 2431 245 2477 τῶν
264 2426 476 2495 σιιναγαγόντων
500 2427 562 2486 τοὺς
578 2422 741 2496 Ὁμηρικοὺς
760 2430 871 2496 στίχους
890 2428 958 2498 πρὸς
980 2427 1029 2480 τὸν
1045 2431 1144 2480 Πεισί-

5 2579 6 2590 ἰ
101 2528 226 2584 στρατον,
240 2514 289 2567 διά
301 2515 333 2565 τό
345 2517 460 2568 πλείονα
471 2514 580 2582 μισθὸν
591 2517 691 2580 λαβεῖν,
709 2516 755 2566 καὶ
775 2514 865 2574 ἰδίους
882 2519 1004 2583 στίχους,
1026 2518 1062 2576 ὡς
1072 2515 1142 2585 [καί]

5 2590 9 2643 ‘t
102 2607 277 2670 προείρηται,
298 2603 469 2670 σκεψάμενοι
490 2604 673 2669 προςέθηκαν,
692 2605 738 2653 καὶ
751 2601 804 2667 ἤδη
821 2603 851 2655 ἐν
869 2606 1003 2670 συνηθείᾳ
1016 2604 1144 2673 ἐγένοντο

5 2686 10 2718 ¹
99 2692 156 2746 τοῖς
173 2688 427 2757 ἀναγινώσκουσιν·
448 2689 497 2740 οὐκ
519 2688 600 2740 ἔλαθε
623 2689 783 2748 τοῦτοτοὺς
799 2690 904 2757 κριτάς,
930 2689 998 2740 ἀλλά
1023 2691 1076 2757 μὲν
1095 2690 1143 2741 διὰ

100 2774 146 2839 τὴν
164 2776 317 2841 συνήθειαν
334 2777 381 2827 καὶ
400 2775 543 2843 πρόληψιν
560 2775 672 2844 ἀφῆκαν
689 2776 788 2835 αὐτοὺς
799 2781 923 2838 κεῖσθαι,
942 2775 1099 2843 ὀβελίσκους
1112 2776 1143 2828 δὲ

5 2863 6 2868 ’
99 2861 204 2930 ἑκάστῳ
230 2870 285 2916 τῶν
312 2862 456 2932 ἀδοκίμων
482 2865 528 2914 καὶ
557 2863 707 2932 ἀλλοτρίων
730 2865 777 2914 καὶ
801 2864 920 2923 ἀναξίων
948 2873 997 2915 τοῦ
1024 2873 1144 2930 ποιητοῦ

5 2937 6 3000 ἶ
101 2953 202 3019 στίχων
225 2954 458 3018 παρατιθέμενοι,
480 2959 562 3002 τοῦτο
586 2951 653 3002 αὐτὸ
677 2951 864 3013 ἐπεδείξαντο,
894 2952 929 3010 ὡς
951 2951 1063 3011 ἀνάξιοί
1088 2954 1142 3004 εἰσι

99 3045 147 3086 τοῦ
167 3031 298 3106 Ὀμήρου.
334 3035 397 3090 Non
414 3035 523 3090 indocta
540 3039 615 3103 sunt,
641 3053 709 3106 quae
731 3037 760 3089 in
784 3037 828 3091 his
850 3039 993 3105 postremis
1015 3038 1143 3108 leguntur

4 3171 5 3202 χ
100 3123 131 3175 de
149 3124 285 3192 suspectis
303 3123 428 3177 versibus
447 3124 477 3176 in
495 3141 545 3178 sua
569 3125 632 3178 sede
651 3124 766 3178 relictis:
793 3142 846 3195 qua
862 3125 894 3178 de
916 3142 945 3178 re
963 3125 1034 3180 infra
1054 3125 1142 3180 dicam

4 3203 5 3262 ἶ
98 3208 125 3262 in
143 3211 286 3265 Zenodoto.
323 3210 441 3264 Brevius
460 3210 534 3264 aliud
553 3210 641 3264 Schol.
662 3211 740 3264 cuius
759 3210 869 3264 initium
886 3211 916 3265 in
934 3216 987 3266 not.
1009 3213 1050 3266 39.
1071 3214 1141 3281 dedi,

3 3321 5 3362 4
97 3296 135 3350 sic
164 3299 258 3352 namet
286 3297 319 3350 de
352 3297 509 3351 Pisistrato:
543 3293 704 3363 Ἠθέλησε
737 3298 796 3363 τὴν
818 3293 961 3368 Ὁμήρου
992 3304 1142 3366 ποίησιν

97 3382 274 3452 ἔγγραφον
292 3383 609 3453 διαφυλάττεσθαι·
629 3387 746 3454 προθεὶς
765 3385 796 3438 δὲ
814 3386 908 3454 ἀγῶνα
927 3386 1076 3455 δημοτελῆ,
1095 3389 1141 3439 καὶ

95 3471 221 3538 κηρύξας,
247 3473 294 3523 καὶ
320 3471 384 3531 δοδς
403 3471 500 3524 ἀδειαν
523 3477 581 3531 τοῖς
598 3472 685 3525 εἰδόσι
706 3475 752 3524 καὶ
770 3475 950 3542 βουλομένοις
971 3474 1005 3525 τά
1021 3469 1142 3547 Ὁμήρου

4 3577 5 3580 ’
95 3557 320 3621 ἐπιδείκνυσθαι,
339 3561 387 3611 καί
404 3560 512 3627 μισθὸν
528 3561 610 3620 τάξας
622 3563 721 3628 στίχου
732 3560 849 3612 ἑκάστου
862 3561 968 3627 ὀβολόν,
988 3563 1142 3631 σινήγαγεν

4 3699 6 3722 ι
97 3645 238 3714 ὁλοσχερεῖ
238 3665 251 3704 ς
268 3646 317 3705 τὰς
334 3648 428 3708 λέξεις,
446 3649 491 3698 καὶ
511 3647 669 3716 παρέδωκεν
681 3648 842 3716 ἀνθρώποις
855 3653 958 3716 σοφοῖς
969 3651 1015 3700 καὶ
1028 3649 1141 3715 ἐπιστή-

4 3727 5 3734 ’
96 3746 190 3800 μοσιν.
228 3733 281 3786 Hic
307 3750 380 3787 unus
407 3737 449 3788 est
472 3751 486 3786 e
511 3734 711 3803 Grammaticis,
740 3736 788 3802 qui
812 3734 935 3801 primam
962 3735 1099 3803 ιαιιιῳίαν
1122 3753 1141 3787 α
1209 3726 1214 3747 ’

98 3816 245 3872 Pisistrato
260 3825 393 3886 paratam
412 3822 512 3874 diserte
533 3821 678 3876 confirmat.
716 3825 803 3876 Antea
821 3839 873 3876 non
892 3824 1066 3892 scripturam,
1092 3825 1140 3878 s'ed

141 3919 244 3964 Wolfii
258 3923 423 3975 Prolegomeua.
451 3923 528 3966 Editio
542 3924 581 3966 ΠΙ.
947 3919 965 3976 8
