2980 4576
536 329 699 382 Prclegonena.
1091 328 1139 382 161

107 503 262 571 stissimam
284 505 414 592 nauteam
436 511 623 587 alucinandi,
653 529 746 589 quum
774 507 993 571 Grammaticus
1023 506 1202 585 provin-208

106 617 176 676 ciam
191 635 277 677 suam
290 635 433 694 egressus
455 617 653 678 constantiam
667 634 741 676 usus
763 615 930 675 inflecteret
944 613 982 673 ad
1002 607 1203 694 spelciem209

19 701 21 708 '
106 723 248 798 quandam
271 723 439 799 analogiae,
470 727 501 783 et
528 723 561 781 in
583 723 684 800 ipsum
706 722 862 781 dominum
879 721 1003 798 linguae
1025 720 1144 778 effecta-

104 832 145 886 ret
165 824 391 908 imperium⁷⁸).
437 828 522 888 Adde
551 828 697 906 denique,
726 827 758 886 id
781 827 861 905 quod
881 825 1045 886 identidem
1065 843 1144 884 com·

19 993 21 1008 ,
103 933 266 1008 putandum
285 937 346 1007 est,
369 933 396 993 si
411 933 487 993 forte
507 933 705 1011 exemplaria,
728 931 839 1009 quibus
853 932 1005 1006 utebatur,
1026 929 1145 990 mendis

20 1055 21 1058 Ἴ
102 1095 153 1148 this
172 1095 357 1164 expellendis,
382 1095 469 1166 qualis
493 1096 613 1165 passima
636 1095 696 1150 eius
715 1095 867 1150 emendatio
885 1095 928 1148 est
946 1097 964 1156 ζ.
982 1094 1042 1148 511.
1062 1093 1143 1167 ῥίμφ’

102 1181 132 1233 ἑὰ
148 1185 238 1251 γοῦνα
258 1187 350 1253 φέρει,
369 1183 402 1236 de
422 1199 476 1252 qua
495 1184 528 1237 ct.
548 1184 582 1238 ad
602 1201 625 1236 o.
644 1183 704 1237 405.
724 1202 745 1252 ρ.
760 1182 818 1236 700.
838 1197 863 1234 σ.
878 1181 950 1250 148,;
969 1185 1001 1235 nt
1018 1182 1144 1234 inmem-

19 1275 20 1296 ¹
102 1268 155 1322 bris
176 1269 306 1325 orationis
333 1271 367 1326 ad
395 1270 546 1339 prosaicam
574 1271 730 1340 σανοίφειαν
746 1269 899 1324 vinciendis
922 1286 969 1338 per
994 1269 1144 1338 participia,

19 1411 20 1418 ,
102 1357 230 1425 tanquam
247 1363 272 1424 β.
294 1357 352 1411 187.
380 1359 439 1412 Σὺν
463 1360 501 1426 τῷ
517 1358 581 1424 βάς,
607 1359 627 1418 ξ.
648 1357 707 1412 169.
728 1357 872 1421 ἐπιθεῖσα,
898 1356 945 1410 ubi
964 1357 1032 1411 bane
1055 1357 1146 1410 monet

102 1441 188 1499 Schol.
225 1444 302 1499 Idem
321 1447 441 1513 notatam,
466 1445 539 1515 quod
560 1445 689 1499 nescierit
711 1444 860 1498 Homerum
882 1444 1059 1514 παραλλήλους
1082 1445 1146 1496 τοίν-

19 1541 20 1558 ³
102 1547 156 1583 τειν
174 1531 225 1591 τὰς
244 1531 471 1603 ϊσοδοναμοὺσας
489 1534 572 1593 λέξεις
578 1553 586 1594 ,·
607 1551 636 1584 π.
656 1532 716 1586 666.
737 1550 767 1600 φ.
786 1533 827 1584 17.
846 1533 874 1585 et
891 1530 970 1596 alibi,
990 1532 1061 1601 quod
1077 1531 1145 1600 figu-

19 1623 20 1676 l
101 1633 158 1671 ram
179 1618 249 1671 κατὰ
276 1619 308 1670 τὸ
336 1620 521 1688 σιωπώμενον
549 1635 604 1674 non
634 1618 807 1687 custodierit,
835 1620 926 1674 notam
952 1618 1035 1674 etiam
1054 1636 1068 1672 c
1086 1618 1144 1674 Lat.

102 1703 261 1760 Scholiastis
285 1707 335 1760 eto.
372 1707 443 1760 Nam
471 1706 537 1762 satis
562 1706 611 1761 illa
639 1707 747 1772 docent,
777 1722 858 1775 quam
885 1705 972 1759 multa
1000 1706 1146 1760 debeamus

19 1791 20 1836 t
102 1791 305 1861 Grammaticis,
333 1793 466 1849 Zenodoto
494 1793 703 1862 posterioribus,
733 1793 780 1862 qui
807 1794 996 1862 haecomnia,
1025 1810 1094 1862 quae
1112 1795 1146 1848 ad

19 1891 20 1956 ξ
101 1879 305 1947 grammaticam
333 1881 475 1950 ἀκρίβειαν
502 1883 529 1934 et
556 1881 655 1936 bonam
681 1880 931 1948 interpretationem
949 1883 1087 1950 spectant,
1112 1882 1146 1936 ad

101 1967 216 2022 rectiora
239 1971 382 2036 praecepta
407 1969 575 2024 revocarunt.
613 1970 654 2022 Ac
671 1967 802 2022 nonnulla
823 1967 933 2022 illorum
951 1969 1072 2046 protector
1085 1985 1146 2037 per-

19 2047 20 2050 ’
101 2053 169 2107 mira
195 2055 261 2107 sunt
287 2053 317 2107 in
345 2053 457 2116 Critico,
485 2055 647 2123 praesertim
673 2071 717 2122 ec,
746 2054 794 2123 qni
818 2054 877 2123 ipse
893 2071 990 2108 versus
1009 2057 1147 2124 pangeret,

101 2141 220 2194 maxime
244 2142 349 2210 ἄμετρα
372 2143 518 2210 quaedam,
542 2144 574 2195 ut
592 2141 676 2196 Catal.
696 2142 737 2194 27.
761 2143 819 2196 165.
841 2141 876 2211 [β.
894 2141 953 2196 520.
973 2141 1045 2210 668]
1066 2144 1084 2203 ζ.
1104 2141 1146 2196 34.

19 2263 20 2290 ,
101 2247 123 2280 ν.
144 2227 203 2280 172.
212 2267 221 2294 ,
242 2228 334 2297 qualia
351 2230 442 2283 tanim
460 2246 513 2284 non
533 2229 644 2285 suntin
660 2229 748 2282 tribus
766 2229 988 2299 Epigrammatis,
1008 2245 1075 2299 quae
1095 2229 1146 2282 sub

100 2314 158 2368 eius
177 2314 287 2370 nomine
306 2318 415 2371 exstant
432 2316 462 2370 in
479 2317 612 2371 Brtmckii
631 2316 781 2384 Analaotis,
801 2317 828 2370 Τ.
846 2316 882 2370 Π.
901 2334 926 2387 p.
946 2317 988 2370 61.

191 2401 236 2468 78)
255 2401 298 2455 Ex
315 2403 367 2458 hoc
385 2405 459 2458 fonte
482 2419 608 2458 manasse
630 2403 759 2457 videntur
781 2419 884 2458 errores
904 2403 996 2472 plures
1015 2421 1049 2458 ex
1067 2419 1146 2472 supa-

19 2493 21 2556 ζ
98 2489 232 2557 rioribus,
251 2491 279 2544 et
290 2490 320 2543 hi
332 2491 465 2559 maxime,
485 2492 514 2544 in
528 2490 697 2546 declinandis
709 2489 911 2560 pronominibus
931 2490 1069 2544 commissi
1087 2507 1103 2544 a
1117 2491 1146 2543 Z.

100 2575 173 2642 Quos
193 2593 279 2646 quum
302 2579 397 2632 notant
420 2577 601 2646 Scholiastae,
624 2578 770 2633 insolentia
789 2578 829 2631 rei
850 2578 929 2646 facit,
957 2580 988 2631 ut
1005 2579 1055 2632 hos
1073 2577 1146 2646 ipsos

99 2665 220 2731 primum
238 2663 331 2734 legens
348 2668 468 2720 monstra
485 2667 586 2735 fingere
598 2667 684 2735 putet.
721 2665 792 2720 Nam
804 2673 828 2734 β.
843 2665 902 2718 239.
921 2684 944 2718 τ.
959 2665 1018 2719 384.
1037 2667 1148 2720 madunt

19 2807 20 2822 ,
99 2751 179 2804 illum
209 2751 316 2805 dedisse
343 2753 390 2805 ἑοῦ
410 2770 458 2821 pro
477 2753 597 2822 genitivo
624 2752 758 2822 primitivi
782 2752 949 2822 pronominis
968 2753 1012 2818 ἕο,
1040 2760 1068 2807 θ.
1087 2753 1147 2806 377.

19 2825 20 2850 ³
100 2837 145 2906 [cf.
166 2837 239 2907 428]
255 2859 284 2908 χ.
300 2839 358 2894 216.
378 2841 446 2894 νῶϊν
463 2857 510 2909 pro
524 2841 679 2896 accusativo
691 2841 752 2903 νῶϊ,
773 2859 798 2892 α,
811 2839 870 2894 336.
891 2841 984 2910 σφῶϊν
996 2856 1043 2909 pro
1057 2856 1147 2895 accus

101 2927 191 2996 σφῶϊ,
211 2945 243 2994 μ,
263 2927 322 2980 366.
343 2929 420 2998 σφῶε
436 2944 484 2996 pro
495 2928 662 2982 nominativo
681 2928 816 2982 secundae
829 2943 959 2995 personae
973 2929 1063 2998 σφῶϊ,
1082 2928 1148 2982 item

99 3012 128 3065 in
152 3012 236 3066 tertia
258 3030 372 3082 persona
395 3035 420 3067 α.
439 3014 464 3070 8.
481 3034 503 3067 κ.
523 3015 582 3070 546.
608 3017 684 3085 σφῶϊ
702 3031 749 3084 prc
764 3016 860 3084 σφῶε,
884 3015 955 3082 quod
974 3017 1148 3084 postremum,

99 3101 130 3152 ut
154 3098 265 3153 valdius
293 3101 405 3170 mirere,
432 3119 449 3156 a
477 3101 589 3158 Seleuco
618 3102 761 3172 probatum
788 3118 820 3156 ac
847 3101 1009 3156 refutatione
1036 3101 1149 3170 dignum

99 3186 227 3241 habitum
245 3189 288 3240 est
305 3189 339 3243 ab
357 3189 480 3258 Apollon.
500 3189 579 3244 Alex.
601 3190 633 3244 dc
651 3189 727 3259 Synt.
741 3189 777 3243 Π.
797 3207 823 3258 p.
838 3190 896 3244 167.
918 3188 966 3257 [H,
981 3188 1023 3257 22,
1037 3206 1063 3257 p.
1078 3187 1149 3256 167.]

99 3273 141 3327 Ex
160 3274 309 3344 eodemque
330 3275 475 3345 discimus,
493 3277 522 3330 id
540 3277 612 3347 quod
624 3277 751 3332 varietati
769 3276 799 3329 in
818 3296 847 3331 ω.
862 3275 922 3330 486.
942 3276 1039 3344 Odyss.
1053 3294 1076 3328 τ.
1089 3273 1149 3329 358.

100 3363 128 3414 et
146 3359 213 3414 alibi
235 3361 277 3429 [ll.
299 3365 319 3422 ξ,
341 3362 399 3416 118.
419 3363 469 3417 Od.
494 3367 513 3426 ζ.
533 3364 593 3419 256.
618 3364 708 3434 290],
733 3366 790 3418 tum
815 3363 958 3418 Ammonio
980 3381 1007 3418 v.
1027 3363 1104 3433 ἐμεῖο
1123 3364 1150 3416 et

101 3453 165 3500 σοῖο
193 3449 353 3518 explicando
386 3451 509 3521 prodest,
546 3452 712 3506 Zenodotum
741 3451 897 3520 possessiva
923 3452 1004 3522 ἐμοῖο
1033 3453 1062 3505 et
1086 3455 1150 3503 σοῖο

100 3537 222 3590 mutasse
249 3536 279 3589 in
306 3537 448 3606 primitiva
474 3540 551 3606 ἐμεῖο
579 3541 606 3592 et
634 3545 702 3594 σεῖο.
738 3538 809 3592 Vide
828 3539 951 3607 Apollon.
970 3539 988 3591 l.
1009 3555 1031 3592 c.
1051 3556 1075 3607 p.
1091 3539 1149 3593 165.

101 3621 149 3690 [H,
164 3623 207 3691 21,
219 3641 246 3692 p.
261 3623 333 3692 164]
347 3625 394 3679 ubi
407 3626 478 3695 quod
497 3626 565 3680 didit
582 3624 631 3683 τὰς
648 3627 760 3695 γραφὰς
778 3629 827 3686 εἷς
845 3630 876 3678 Z.
890 3625 1150 3694 ἀναφέρεσθαι,

101 3708 180 3776 plane
200 3710 292 3780 docet,
318 3711 467 3781 scripturas
486 3713 651 3767 Zenodcteas
669 3715 725 3766 iam
749 3712 947 3767 Antoninorum
965 3728 1032 3767 aevo
1050 3712 1150 3767 doetis-

101 3794 180 3850 simis
197 3797 355 3852 hominibus
372 3815 427 3854 non
444 3800 498 3855 nisi
518 3815 552 3854 ex
570 3799 685 3855 aliorum
703 3799 838 3870 excerptis
857 3800 978 3870 cognitas
995 3798 1089 3855 tuisse.

146 3899 254 3942 Woltii
269 3900 435 3954 relevamen.
465 3904 541 3947 nereo
554 3905 592 3948 111.
939 3897 977 3952 11
