3048 4588
575 348 740 400 Prolegcmena
1147 345 1182 400 29

136 545 194 586 nec
215 527 249 585 in
269 525 425 588 hlnstathic
447 528 675 606 veterrimisque
698 531 728 588 et
748 527 931 588 doctissimis
946 525 1073 588 Scholiis
1085 525 1183 586 ullum

136 631 283 691 indicium
314 637 455 708 superest
466 626 499 711 ἵ).
544 632 643 710 Atque
680 633 826 693 hactenus
871 631 991 692 facilem
1025 632 1226 690 assensum38

224 842 252 908 7)
270 841 304 894 In
321 841 390 896 libro
409 841 473 911 περὶ
493 842 616 911 ἄρθρων,
635 841 682 910 qui
700 841 755 894 nisi
773 840 960 910 Hippocratis,
985 838 1182 908 Hippocrateae

138 931 208 982 certe
228 931 276 982 ant
293 929 431 998 proximae
452 929 549 982 aetatis
578 931 630 997 est,
655 928 799 998 attingitur
817 929 844 982 Τ.
863 927 886 981 Ι.
905 945 931 998 p.
951 926 1009 980 785.
1029 927 1105 981 Fods.
1124 927 1182 982 lon·

137 1018 195 1086 gior
213 1017 293 1088 ῥῆσις
310 1015 422 1070 Homeri
441 1016 473 1069 de
491 1016 595 1083 bubus,
618 1032 672 1070 uno
690 1017 777 1086 posito
799 1016 851 1070 hoc
869 1031 965 1070 versu:
991 1009 1039 1074 Ὡς
1057 1015 1082 1066 δ’
1102 1014 1182 1066 ὁπότ’

137 1105 283 1158 ἀσπάσιον
308 1105 357 1174 ἔαρ
384 1106 467 1170 ἤλυθε
501 1105 601 1170 βουσὶν
635 1103 723 1164 ἕλιξιν.
772 1103 856 1157 Cuius
883 1104 953 1158 nihil
986 1105 1075 1159 simile
1102 1105 1182 1162 hodie

136 1209 253 1261 usquam
272 1191 343 1260 apud
368 1191 447 1244 illum
475 1190 600 1260 legimus.
637 1189 734 1244 Notior
760 1207 804 1245 res
831 1192 874 1244 est
897 1192 930 1245 de
949 1192 1087 1252 versibus,
1115 1207 1182 1261 qnos

136 1279 214 1334 Plato
234 1281 262 1332 et
279 1278 440 1334 Aristoteles
462 1294 497 1332 ex
522 1277 640 1332 Homero
665 1293 714 1332 suo
732 1277 858 1346 laudant,
885 1295 940 1333 non
960 1281 1059 1335 nostro.
1096 1279 1129 1332 In
1147 1279 1182 1334 iis

137 1368 203 1422 adeo
221 1368 299 1435 sunt,
316 1365 416 1436 quibus
434 1382 513 1420 nemo
531 1383 603 1420 nunc
621 1367 715 1434 aptum
733 1364 824 1420 locum
843 1366 997 1421 coniectura
1014 1369 1182 1436 assequatur.

136 1457 173 1508 At
199 1453 256 1508 illis
283 1456 413 1524 quatuor,
440 1470 456 1509 a
474 1452 587 1507 Platone
605 1452 693 1506 Alcib.
712 1453 748 1506 Π.
770 1452 841 1521 [149.
854 1452 900 1521 Ι).]
925 1454 1027 1522 allatis,
1052 1455 1082 1508 in
1101 1454 1133 1508 Π.
1153 1460 1182 1508 θ.

136 1544 204 1594 extr.
227 1557 306 1594 suam
330 1541 423 1595 sedem
440 1540 594 1609 inventam,
617 1556 706 1609 neque
728 1556 763 1592 ex
780 1540 864 1594 variis
881 1540 949 1595 locis
968 1541 1095 1596 collectos
1114 1557 1181 1612 esse,

136 1644 183 1696 pro
203 1628 340 1696 explorato
362 1627 457 1681 habeo.
494 1625 583 1692 Quare
610 1643 655 1680 eos
682 1626 722 1680 ibi
749 1627 853 1682 inserui
873 1627 911 1696 [r.
930 1627 1105 1697 549.—52.]‚
1128 1645 1182 1682 non

136 1719 227 1769 tamen
246 1715 304 1768 sine
323 1714 417 1783 uncis,
445 1713 509 1784 quia
526 1712 658 1782 probabili
677 1713 710 1767 de
728 1730 810 1769 causa
822 1715 855 1768 ab
868 1715 1060 1770 Alexandrinis
1074 1716 1182 1770 Criticis

137 1819 192 1856 una
221 1819 284 1856 cum
309 1801 419 1871 vulgato
443 1819 469 1854 v.
491 1799 550 1854 548.
570 1801 685 1854 reiectos
707 1801 859 1855 censebam.
900 1801 1013 1856 Illorum
1038 1805 1130 1857 antem
1156 1805 1183 1856 et

138 1889 275 1943 similium·
291 1905 434 1956 versuum,
454 1887 502 1958 qui
520 1904 537 1942 a
554 1887 731 1958 scriptoribus
749 1887 859 1942 Graecis
878 1889 979 1958 passim
997 1889 1114 1946 Homero
1132 1891 1182 1944 tri-

136 1978 268 2044 buuntur,
294 1975 401 2030 nullum
429 1977 540 2046 apparet
557 1975 704 2045 vestigium
726 1975 755 2028 in
774 1974 890 2030 Scholiis
916 1977 1024 2032 nostris.
1062 1980 1098 2032 At
1114 1978 1182 2032 haec

137 2065 246 2118 omnino
266 2063 349 2116 huius
367 2062 472 2132 generis
488 2078 571 2131 prope
588 2061 694 2116 nullum
713 2063 852 2131 proferunt
869 2063 978 2117 aliunde
998 2063 1181 2135 incognitnm3

137 2151 222 2206 multo
251 2149 343 2219 plures
370 2150 530 2203 Eustathius
548 2150 644 2218 habet,
670 2152 698 2202 et
720 2166 835 2220 quorum
852 2167 947 2204 rursus
967 2151 1110 2220 scriptores
1128 2169 1182 2206 non

137 2239 328 2292 meminenmt.
363 2237 423 2292 Hoc
444 2239 585 2306 reputans
612 2238 787 2306 quantumvis
810 2239 886 2292 rudis
904 2238 934 2292 in
951 2238 1065 2294 historia
1080 2242 1182 2310 textus,

137 2325 186 2379 vix
204 2325 371 2394 suspicetur,
395 2324 552 2379 memoriam
573 2323 701 2378 fefellisse
724 2339 769 2378 eos
792 2341 898 2394 omnes,
926 2325 974 2394 qui
996 2325 1063 2380 tales
1085 2343 1182 2380 versus

135 2413 250 2467 Homeri
271 2412 381 2466 nomine
404 2405 559 2481 laudarent,
590 2414 638 2466 aut
655 2411 726 2467 male
744 2429 761 2467 a
778 2412 857 2467 nobis
884 2413 919 2466 ad
935 2412 1022 2467 Iliada
1048 2415 1075 2467 et
1094 2413 1182 2484 Odys-

137 2517 212 2554 seam
242 2499 349 2566 referri,
377 2515 446 2568 quae
463 2500 554 2554 forsan
575 2499 640 2552 olim
658 2499 687 2552 in
705 2499 767 2554 aliis
789 2499 854 2554 huic
872 2502 966 2569 podtae
990 2501 1100 2556 tributis
1118 2518 1181 2571 ope-

135 2588 213 2642 ribus
231 2588 391 2658 legerentur.
428 2587 471 2641 Ita
489 2587 636 2641 Barnesius
654 2587 859 2642 hemistichium
877 2588 947 2642 illud
964 2605 1004 2658 ap.
1017 2589 1182 2644 Aeschinem

136 2675 165 2728 in
182 2675 316 2729 Timarch,
337 2692 363 2743 p.
384 2673 444 2727 141.
461 2673 552 2728 Reisk.
580 2675 664 2744 φήμη
683 2674 708 2726 δ’
728 2675 755 2734 ἐς
779 2669 994 2743 expavescitis,
1023 2679 1123 2732 temere
1148 2695 1183 2733 an

137 2763 299 2830 divinando,
322 2761 450 2816 Thebaidi
470 2761 613 2827 adscribit,
641 2761 694 2815 etsi
718 2762 747 2815 id
766 2762 866 2817 diserte
884 2764 1003 2818 traditur
1020 2765 1049 2818 in
1067 2763 1183 2818 Homeri

133 2847 229 2902 iliade
255 2864 327 2914 esse,
354 2851 433 2918 atque
462 2849 527 2903 adeo
555 2863 637 2916 saepe
662 2849 749 2916 repeti
773 2847 805 2900 ia
823 2847 922 2902 Iliade.
960 2851 1016 2921 Ego
1039 2852 1182 2922 aliquando

16 2981 17 3008 p
133 2937 252 2992 Iliadem
279 2953 390 3005 parvam
416 2935 565 3006 significari
590 2935 726 3006 putabam.
762 2937 867 3006 Nempe
890 2938 920 2990 in
942 2942 1037 2994 neutro
1058 2939 1182 2995 Carmine

133 3027 226 3080 nostro
240 3040 313 3078 nuno
324 3023 387 3078 talis
399 3039 496 3078 versus
515 3040 629 3094 usquam
649 3025 697 3078 aut
714 3025 848 3078 sententia
866 3027 915 3078 est.
951 3026 1009 3080 Nec
1020 3043 1084 3081 vero
1103 3028 1181 3097 quid-

134 3128 217 3182 quam
237 3113 280 3164 est
297 3111 327 3164 in
344 3111 435 3164 verbis
453 3110 587 3179 Oratoris,
607 3111 677 3180 qnod
695 3111 784 3165 labem
802 3112 928 3166 redoleat.
965 3113 1037 3167 Nam
1054 3115 1183 3169 tentanda

134 3201 200 3253 sunt
224 3197 330 3265 omnia',
357 3214 392 3252 ne
420 3200 467 3252 aut
494 3199 659 3253 Aeschinem
684 3199 741 3252 tam
768 3199 931 3254 obliviosum
957 3200 1003 3254 vel
1030 3200 1182 3256 litterarum

134 3289 286 3356 expertem,
316 3287 364 3340 aut
386 3287 488 3340 tantam
509 3286 687 3340 mutationem
709 3286 856 3340 multorum
880 3287 1001 3342 locorum
1018 3288 1047 3341 in
1065 3289 1182 3344 Homero

133 3375 236 3430 factam
254 3373 403 3428 credamus.
440 3372 493 3428 Sed
506 3375 579 3443 quod
590 3374 758 3429 hemistichii
776 3374 851 3428 illius
863 3377 1077 3437 nemoseterum
1093 3377 1182 3446 intpp.

134 3460 274 3528 meminit,
298 3476 352 3514 non
379 3460 552 3528 Eustathius,
579 3476 633 3514 non
660 3461 734 3515 ullus
762 3461 989 3532 Scholiastarum,
1015 3463 1045 3516 id
1072 3464 1183 3532 quidem

134 3548 227 3602 minus
246 3547 347 3600 mirum
364 3547 482 3601 videtur.
519 3547 618 3602 Carent
634 3547 677 3601 illi
696 3549 777 3602 etiam
789 3549 943 3619 insignibus
956 3551 1095 3620 versibus,
1115 3567 1182 3620 quos

136 3634 243 3689 duobus
267 3633 335 3688 locis
364 3632 410 3702 [oi.
432 3635 466 3688 de
483 3635 553 3688 Aud.
581 3634 668 3703 poetis
686 3652 711 3704 p.
732 3634 816 3689 aon.
844 3638 872 3689 et
899 3637 932 3689 de
950 3637 1032 3691 Adul.
1050 3639 1078 3692 et
1095 3637 1182 3692 amico

136 3739 161 3791 p.
182 3722 224 3775 72.
238 3719 282 3790 B.]
312 3720 476 3776 Plutarchus
504 3722 583 3776 docet
608 3722 642 3776 ab
669 3721 862 3777 Alexandrinis
892 3727 1041 3792 expunctos
1067 3741 1127 3780 esse
1154 3727 1183 3779 in

138 3810 257 3864 oratione
283 3809 430 3864 Phoenicis
450 3830 466 3860 ι.
485 3808 545 3864 458.
560 3825 632 3879 sqq„
658 3810 788 3878 repositos
812 3827 890 3865 ame
917 3811 1032 3866 aliorum
1061 3813 1183 3882 exemplo
