3048 4588
333 551 449 626 ingenii
471 553 606 612 habenda
627 557 680 612 est.
725 553 803 612 Nam
824 554 857 612 in
880 553 975 614 Iliade
998 554 1131 613 nondum
1151 551 1286 626 deposita
1308 557 1380 612 sunt

333 657 497 715 certamina
518 657 650 716 virorum
672 658 825 718 doctorum
847 659 884 718 de
910 677 1010 718 rernm
1032 659 1128 736 capite
1150 662 1181 718 et
1202 661 1379 733 argumento

333 760 481 835 primario.
526 761 571 821 De
604 781 662 840 quo
695 768 848 840 uteunque
883 763 1118 838 existimabitur,
1152 767 1183 822 et
1214 767 1249 821 ut
1269 780 1379 821 sensus

334 857 563 946 προεκθέσεως
593 867 769 944 longissime
803 873 918 944 pateat,
955 862 1080 948 (quippe
1113 868 1301 927 suffecissent
1330 867 1379 926 illi

332 969 445 1047 aliquot
466 972 647 1047 proeliorum
679 975 801 1032 absente
825 973 942 1032 Achille
965 973 1111 1032 fastorum
1134 973 1349 1050 descriptiones
1357 968 1380 1052 :)

332 1093 485 1153 nunquam
508 1083 610 1137 tamen
639 1079 730 1138 sertis
755 1079 940 1155 argumentis
971 1078 1142 1152 docebitur,
1173 1083 1289 1154 septem
1310 1077 1379 1137 illos

332 1199 437 1241 versus
465 1182 628 1260 quidquam
655 1183 734 1243 ultra
762 1183 934 1259 promittere
958 1203 1048 1261 quarn
1069 1183 1175 1242 XVlll
1194 1183 1378 1259 rhapsodias.

333 1285 477 1364 Reliquae
506 1306 567 1346 non
596 1289 671 1346 iram
697 1289 825 1348 Achillis
856 1289 890 1347 in
911 1291 1165 1364 Agamemnonem
1192 1293 1223 1348 et
1250 1287 1380 1348 Graecos

332 1391 502 1466 continent,
525 1392 577 1451 sed
600 1411 722 1467 novam,
750 1412 768 1452 a
790 1393 888 1470 priore
909 1393 999 1468 longe
1023 1393 1172 1452 diversam
1195 1393 1380 1470 minimeque

331 1495 394 1556 illis
414 1515 549 1572 gravem,
572 1497 603 1556 id
626 1503 673 1558 est
695 1499 761 1558 eius
784 1499 862 1574 irae,
885 1518 975 1576 quam
990 1498 1083 1558 solam
1098 1498 1149 1558 isti
1172 1515 1276 1558 versus
1299 1498 1379 1557 desi-

332 1606 439 1678 gnant,
469 1603 672 1679 appendicem.
718 1603 831 1677 Quodsi
860 1605 960 1663 omnia
990 1603 1170 1664 Graecorum
1197 1603 1236 1662 ad
1260 1603 1380 1662 Troiam

331 1711 416 1783 gesta
438 1723 601 1786 omnesque
622 1708 796 1784 rhapsodias
824 1709 879 1767 uni
907 1709 1057 1785 proposito
1079 1708 1232 1783 subiicias,
1263 1707 1301 1766 ad
1319 1706 1353 1782 pl
1369 1739 1382 1749 -

332 1813 406 1871 rium
428 1813 550 1890 quidem
573 1813 700 1873 Achillis
727 1814 824 1890 magis
855 1833 945 1891 quam
975 1813 1052 1873 alius
1073 1813 1251 1891 cuiusquam
1273 1812 1380 1873 Graeci

332 1923 385 1977 aut
406 1917 525 1978 Troiani
547 1919 647 1979 herois
669 1923 730 1978 tota
756 1919 843 1994 Ilias,
872 1920 910 1978 ad
929 1939 1069 1978 ιιιιιιιοιιιιι
1091 1920 1164 1977 dum
1190 1919 1256 1978 eius
1285 1919 1382 1978 maior

333 2028 450 2082 tantum
470 2041 539 2100 pars
562 2028 692 2101 speetat3
724 2030 759 2083 ut
788 2024 948 2084 admodum
973 2025 1104 2099 mireris,
1135 2024 1214 2102 quod
1240 2025 1273 2082 in
1295 2023 1381 2084 nullo

333 2127 434 2188 conoe
457 2127 555 2188 adhue
576 2146 629 2204 pro
655 2129 714 2188 isto
735 2128 858 2187 exordio
887 2129 943 2189 hoo
964 2128 1014 2188 vel
1040 2128 1123 2187 aliud
1143 2128 1250 2188 melius
1273 2128 1381 2188 inven-

333 2238 398 2292 tum
421 2234 477 2293 sit:

465 2336 622 2400 KYAOE
641 2332 743 2415 ἄειδε,
768 2333 850 2415 θεά,
875 2332 1066 2422 Πηληϊάδεω
1097 2326 1246 2420 Ἀχιλῆος,

466 2439 536 2517 δςθ’
559 2440 633 2518 εἵως
653 2442 789 2529 βασιλῆϊ
808 2439 1041 2523 κοτεσσάμενος
1062 2437 1108 2502 ἑνὶ
1131 2436 1220 2525 νηυσὶ

464 2547 568 2625 κεῖτο,
595 2540 774 2625 Ἀχαιοῖσιν
795 2568 831 2609 τε
856 2543 912 2610 καὶ
934 2542 1020 2630 αὐιῷ
1043 2542 1126 2628 ἄλγε’
1150 2538 1275 2622 siderare,

466 2645 566 2733 αὐτὰρ
589 2647 797 2732 ἀνιστάμενος
822 2646 946 2734 Τρωσὶν
967 2646 1023 2712 καὶ
1035 2644 1163 2734 Ἕκτορι
1187 2643 1256 2731 δίῳ.

276 2769 327 2824 119
336 2759 560 2820 Subabsurdum
574 2761 663 2834 foret,
685 2761 778 2820 talem
792 2760 979 2836 diligentiam
994 2758 1180 2818 subtiliorem
1200 2775 1267 2818 esse
1281 2758 1382 2817 dioere

335 2883 425 2942 quam
447 2882 500 2940 pro
524 2865 680 2925 Homerico
704 2864 838 2924 saeculo:
868 2882 925 2924 nec
953 2863 984 2923 id
1006 2863 1111 2928 dicere,
1128 2863 1229 2922 ausint
1250 2861 1288 2936 ii,
1316 2862 1383 2938 qui-

334 2971 390 3029 bus
413 2960 613 3050 προέκθεσις
636 2968 789 3045 Odysseae
809 2971 846 3028 ab
868 2969 934 3044 ipso
949 2967 1078 3027 Homero
1097 2967 1267 3043 praeposita
1280 2966 1382 3025 videa-

333 3081 396 3134 tur:
425 3076 557 3134 fenerent
586 3075 667 3135 enim
696 3075 783 3133 illum
812 3074 885 3134 adeo
913 3074 1075 3147 infantem,
1105 3077 1140 3131 ut
1169 3091 1259 3149 quam
1285 3077 1383 3130 artem

333 3181 450 3255 primus
477 3180 720 3257 ingeniosissime
748 3179 962 3258 quaesivisset,
992 3179 1041 3237 vel
1070 3177 1202 3254 prudens
1230 3181 1311 3236 oerte
1342 3194 1383 3234 ex

334 3290 441 3344 natura
474 3290 505 3345 et
536 3285 639 3344 ordine
673 3285 790 3344 fabulae
818 3276 1013 3364 cepisset⁸⁶)‚
1045 3301 1112 3341 eam
1145 3299 1183 3341 ne
1218 3298 1382 3357 agnosoere

335 3390 458 3468 quidem
480 3395 511 3449 et
532 3391 633 3450 verbis
654 3391 823 3466 exprimere
843 3389 981 3466 potuerit.

422 3495 517 3554 lnnno
551 3512 620 3555 vero
651 3494 728 3554 illud
759 3512 876 3572 quoque
910 3493 1034 3553 dubium
1070 3497 1131 3567 est,
1164 3510 1203 3550 an
1232 3490 1383 3550 Homerus

335 3599 462 3660 Achillis
482 3599 529 3659 sui
549 3617 708 3676 personam
729 3599 835 3660 eodem
856 3600 920 3658 loeo
942 3597 1094 3672 habuerit,
1117 3615 1176 3674 quo
1197 3615 1263 3656 eam
1278 3613 1383 3654 omnes

424 3823 470 3893 86)
482 3819 523 3875 Ἢ
539 3821 626 3893 [ἢτοι]
645 3821 694 3874 διὰ
711 3825 810 3891 τέχνην
829 3825 844 3888 ἢ
863 3820 911 3873 διὰ
930 3821 1023 3889 φύσιν.
1061 3817 1172 3874 Aristot.
1191 3816 1265 3872 Podt.
1284 3834 1307 3871 o.
1327 3816 1352 3870 8.
