3048 4588
566 341 729 395 Pmlegomena
1144 345 1177 398 53

215 523 333 584 Verum
356 523 393 583 de
409 523 530 584 Zaleuci
554 524 685 602 legibus,
708 543 836 603 quanam
850 525 973 586 nonnisi
986 525 1088 586 tenuis
1101 525 1180 586 fama
1187 529 1222 584 69

10 595 11 624 ³
128 633 283 707 superest,
305 634 444 707 corrupta
465 649 483 688 a
503 630 769 707 declamatoribus,
790 630 902 690 utalia
922 630 1032 706 marita,
1060 631 1103 690 ita
1123 631 1180 692 hcc

127 753 252 812 prorsus
275 735 412 810 ignotam
434 740 496 811 est,
519 753 577 813 quo
590 753 701 812 genere
718 735 869 796 scribendi
889 740 920 796 et
939 735 1049 812 quibus
1064 736 1175 796 instru-

10 885 11 890 η
127 840 240 900 mentis
260 844 399 902 exaratae
423 839 491 900 sint
536 839 654 900 Solonis
668 845 771 900 autem
785 844 882 901 aetate
896 839 994 918 qualis
1012 839 1177 901 Athenien-

128 943 209 1003 sium
238 943 386 1020 scriptum
414 943 519 1019 fuerit,
551 943 671 1021 publica
700 944 837 1022 quidem,
865 944 1070 1004 demonstrant
1095 946 1178 1022 leges

129 1048 229 1125 ipsius
260 1046 378 1125 Olymp.
399 1047 509 1123 XLVI,
533 1051 561 1109 3.
596 1054 665 1109 ante
688 1049 757 1109 Chr.
780 1051 852 1110 594.
885 1047 1009 1108 rudibus
1043 1050 1177 1111 materiis

126 1153 294 1231 inscalptae
324 1146 576 1235 βουστροφηδόν.
621 1154 742 1214 Privata
766 1173 806 1215 an
832 1154 958 1214 habilior
990 1159 1057 1214 tum
1086 1154 1178 1215 hierit

127 1258 209 1335 apud
232 1258 315 1332 illos,
344 1257 469 1317 dubium
490 1258 621 1318 reddunt
643 1259 764 1319 eaedem
783 1259 931 1334 rationes,
958 1264 1081 1337 propter
1103 1277 1178 1338 quas

126 1361 286 1422 Bentleius
299 1362 491 1440 plaustrarias
506 1363 621 1423 fabulas
635 1363 806 1424 Susarionis
820 1368 852 1423 et
866 1363 1026 1441 Thespidis
1041 1359 1173 1446 (Olymp.

127 1462 307 1550 L—LXI)
341 1467 452 1545 scripto
487 1468 582 1528 editas
615 1463 803 1550 negavit³³),
837 1469 958 1528 nemine
990 1468 1176 1528 eruditorum

127 1572 359 1632 contradicente.
405 1571 493 1632 Certe
513 1573 681 1634 Atticorum
696 1573 875 1651 scriptorum
889 1591 951 1633 non
971 1578 1041 1633 ante
1054 1573 1176 1634 Persica

10 1739 12 1768 =
127 1671 315 1757 temperau)
337 1677 449 1738 mentio
472 1679 507 1737 fit
528 1682 580 1737 aut
602 1672 802 1759 significaltio,
825 1679 874 1738 cui
897 1697 958 1738 non
979 1677 1071 1738 fidem
1092 1679 1220 1742 dero-70

127 1787 181 1859 get
212 1781 296 1842 illius
329 1781 395 1842 aevi
427 1785 459 1842 et
490 1783 535 1843 rei
568 1782 705 1861 publicae
739 1784 832 1844 facies
865 1787 896 1844 et
930 1783 1176 1860 gravissimorum

127 1891 284 1946 auctorum
306 1875 467 1947 silentium.
513 1887 573 1948 Sed
594 1906 654 1948 non
681 1906 858 1967 persequar,
885 1888 964 1965 quod
986 1893 1090 1949 tenere
1111 1889 1176 1950 sine

127 1992 229 2068 longis
260 1992 435 2069 ambagibus
467 2011 528 2052 non
560 2010 697 2071 possum;
730 1992 809 2052 ultro
842 1994 934 2053 etiam
965 1993 1175 2070 concesserim,

127 2098 281 2175 aliquanto
302 2101 371 2157 ante
394 2097 534 2158 Solonem
555 2098 683 2159 Athenis
710 2099 788 2159 hanc
816 2103 911 2159 artem
937 2099 1094 2177 paullatim
1115 2100 1175 2176 pri-

128 2207 196 2262 vato
220 2202 319 2262 studio
341 2201 481 2280 usurpari
502 2208 651 2281 coeptam:
680 2221 779 2281 neque
807 2205 881 2264 adeo
903 2203 1021 2280 dubito,
1049 2203 1124 2281 quin
1143 2203 1176 2263 id

12 2335 13 2348 ¹
131 2307 261 2368 saeculis
294 2302 378 2367 VIII.
407 2312 439 2366 et
466 2306 532 2366 VH.
565 2307 599 2366 in
633 2307 742 2368 ceteris
779 2307 964 2383 civitatibus,
999 2308 1176 2370 nominatim

11 2457 13 2466 ,
128 2412 232 2472 Ioniae
267 2417 299 2472 et
329 2411 455 2489 Magnae
487 2411 646 2488 Graeciae,
679 2414 807 2474 fecerint
840 2413 1019 2473 sollertiores
1053 2412 1175 2490 quidam

129 2517 286 2591 homines,
309 2534 471 2594 eorumque
494 2517 668 2594 exemplum
682 2517 732 2576 vel
749 2518 845 2577 secuti
860 2518 909 2577 vel
922 2517 982 2594 ipsi
997 2536 1062 2578 rem
1076 2519 1175 2596 auspi·

129 2622 189 2680 cati
213 2620 276 2680 sint
297 2624 402 2698 poetae
424 2621 578 2697 nonnulli,
600 2620 702 2681 sinon
716 2621 824 2696 Asius,
845 2621 1007 2698 Eumelus,
1024 2623 1174 2698 Archnus,

128 2727 196 2799 alii,
221 2725 278 2785 suh
299 2725 405 2803 primis
428 2723 567 2803 Olympp.
591 2727 663 2786 clari
691 2727 787 2804 epicis
809 2727 1013 2803 Carminibus,
1042 2733 1175 2790 atcerte

218 2923 264 2991 33)
282 2921 315 2976 in
332 2922 410 2992 Apol.
426 2922 499 2976 Diss.
525 2899 566 2976 de¹
582 2922 680 2992 Epistt.
701 2921 853 2977 Phalaridis
878 2923 984 2992 p..109.
998 2941 1056 2994 sqq.
1080 2926 1174 2981 transl.

12 3015 13 3030 ¹
126 3012 247 3080 Irennep.

12 3133 13 3172 3
217 3098 264 3164 34)
283 3098 322 3152 Ut
338 3098 672 3170 poetarumcomicorum,
693 3097 854 3167 Chionides,
870 3097 1018 3169 Magnetis,
1036 3102 1068 3154 ut
1086 3100 1173 3169 philo·

127 3186 207 3256 sophi
235 3186 426 3255 Anaxagorae,
455 3186 503 3255 qui
531 3185 571 3240 Ol.
591 3185 706 3255 LXXV,
725 3187 749 3240 1.
776 3201 860 3240 annos
887 3185 922 3240 20
936 3173 1028 3240 'natus
1051 3187 1174 3243 Athenas

126 3273 267 3344 migravit.
285 3272 363 3344 Diog.
380 3271 411 3326 L.
429 3273 472 3340 H,
492 3275 516 3326 7.
551 3273 674 3328 Priorem
698 3275 837 3341 po'e'tamm
863 3273 988 3342 illorum,
1012 3273 1092 3328 euius
1112 3276 1173 3328 tan·

127 3376 211 3429 quam
228 3358 310 3429 primi
329 3347 364 3413 ex
382 3359 498 3416 ComIcis
517 3360 617 3415 Atticis
635 3360 761 3414 meminit
779 3359 952 3429 Aristoteles,
978 3360 1058 3415 annis
1075 3360 1093 3414 8
1110 3363 1173 3416 ante

127 3448 249 3502 Xerxem
266 3447 372 3502 fabulas
391 3449 527 3517 docuisse,
547 3464 582 3501 ex
599 3447 718 3517 antiquis
732 3447 942 3516 chronographis
959 3448 1064 3502 notavit
1076 3448 1173 3504 Suidas

128 3553 190 3590 cum
215 3536 347 3604 Eudccia,
374 3536 442 3591 bene
472 3537 533 3592 ideo
552 3553 569 3591 a
587 3536 723 3605 Scaligero
746 3537 777 3590 in
799 3537 892 3590 Descr.
912 3535 1037 3605 Olympp.
1056 3535 1173 3592 relatum

127 3625 162 3678 ad
180 3622 222 3678 Ol.
241 3623 374 3678 LXXIII.
409 3619 562 3693 Utrumque
588 3626 680 3679 autam
701 3624 826 3692 pluribus
849 3623 928 3677 annis
950 3639 1108 3694 praegressa
1130 3628 1173 3680 est

128 3711 274 3766 Comoedia
292 3711 453 3766 Graecorum
472 3711 670 3780 siciliensium,
695 3712 729 3767 ab
752 3711 927 3781 Epicharmo,
953 3711 977 3766 si
994 3715 1078 3766 nutus
1096 3716 1172 3769 vete-

127 3815 189 3852 rum
207 3800 282 3853 recte
301 3815 441 3869 assequor,
459 3800 609 3869 perscripta
625 3799 682 3854 iarn
699 3801 761 3855 ante
781 3799 891 3855 Gelonis
909 3800 1089 3870 tyrannidem.
