2980 4576
532 359 695 414 Prolegomena.

180 540 259 600 Nam
280 541 342 616 iac,
373 542 452 619 quod
478 541 621 601 realiter
643 541 765 618 quidem
794 541 868 616 fingi
898 557 953 617 per
981 540 1135 600 historiam
1145 550 1194 601 171

99 643 180 716 lieet,
204 646 307 706 decem
329 647 379 706 vel
399 646 509 722 viginti
532 646 714 724 exemplaria
732 650 800 722 post
815 645 945 722 primum
964 645 1040 702 illud
1063 644 1135 703 sori·

99 753 198 824 pturae
216 754 371 810 tentamen
393 769 411 809 a
431 751 506 809 viris
530 750 668 828 privatis,
691 755 726 809 ut
744 755 817 828 puta
833 769 851 808 a
865 749 1037 826 rhapsodis,
1058 750 1135 808 facta

99 871 172 913 esse:
196 873 296 914 annon
314 858 347 915 in
369 873 405 915 ea
420 856 521 916 statim
537 851 540 937 l
558 856 702 933 plurimas
721 855 902 914 variationes
923 854 1028 914 inferri
1051 858 1196 930 opor-172

99 959 165 1034 11111,
189 961 299 1036 partim
321 979 361 1020 ex
381 962 472 1021 variis
493 961 640 1021 recitandi
654 961 774 1035 modis,
794 961 902 1036 partim
922 947 961 1019 ex
980 959 1135 1034 ingeniosa

97 1064 217 1124 libidine
251 1066 505 1126 describentium?
561 1065 737 1144 Quanquam
768 1066 848 1125 enim
882 1065 965 1123 nulio
1000 1069 1134 1140 tempore

98 1170 216 1228 evanuit
236 1171 315 1247 apud
339 1171 466 1232 Graecos
497 1173 651 1248 persuasio
680 1172 717 1230 de
746 1171 847 1230 divina
875 1170 989 1247 origine
1010 1169 1133 1228 Homeri

98 1275 154 1349 sui,
177 1279 282 1335 tamen
301 1276 421 1336 ineius
444 1278 591 1352 oratione,
623 1277 701 1336 sieut
721 1277 755 1334 in
774 1275 1034 1352 interpretatione,
1056 1293 1132 1332 nun·
1227 1285 1229 1288 ·

98 1397 182 1456 quarn
204 1381 361 1441 desierint
382 1400 498 1442 summa
514 1382 637 1442 levitate
656 1385 772 1440 mutare
796 1381 956 1459 quidlibet,
976 1380 1132 1457 corrigere,

96 1485 205 1562 fingere
230 1487 268 1545 ad
291 1486 424 1563 libitum,
457 1492 491 1546 ut
518 1487 695 1563 dignissima
722 1487 842 1546 demum
867 1485 1000 1546 numinis
1030 1487 1133 1545 afflatu

97 1592 268 1666 proferetur.
311 1592 418 1670 Neque
442 1593 498 1652 hoe
527 1593 658 1670 protecto
686 1592 796 1651 mirum
829 1596 891 1666 est,
925 1610 1018 1670 quum
1039 1592 1133 1650 multo

98 1698 260 1770 graviorem
289 1697 433 1774 populrun
459 1697 638 1758 Indaeorum
667 1697 740 1757 satis
766 1697 819 1756 diu
841 1696 967 1756 eandem
989 1697 1134 1755 rationem

97 1802 227 1861 tenuisse
251 1801 414 1862 videamus.
459 1802 523 1862 Iam
547 1803 573 1862 11
595 1821 671 1862 nova
685 1803 812 1862 subinde
831 1802 1014 1878 exemplaria
1028 1803 1135 1861 fierent

15 1969 16 1978 ,
97 1922 133 1964 ex
153 1906 229 1980 iilis,
252 1907 313 1966 nisi
336 1907 474 1967 indoctus
494 1907 635 1968 librarius
650 1907 820 1983 proximum
836 1905 962 1983 quodvis
984 1911 1135 1984 arreptum

97 2011 222 2071 fideliter
244 2012 443 2088 describebat,
470 2013 494 2071 ii
524 2013 576 2090 qui
604 2013 656 2071 iila
678 2013 834 2087 curabant,
864 2011 979 2070 collatis
999 2012 1135 2088 pluribus

101 2159 303 2168 ψ

98 2242 164 2311 (Τορ.
184 2241 232 2310 Vl,
249 2241 273 2295 5.
294 2257 320 2310 p.
341 2239 465 2308 2411).
509 2241 599 2310 Atque
626 2240 674 2294 illa
700 2240 811 2310 quidem
840 2239 933 2309 postea
959 2257 976 2294 a
1000 2239 1137 2294 nonnuliis

97 2329 254 2398 ἀτελεστέρα
271 2328 451 2398 γραμματικὴ
467 2328 539 2382 dicta
552 2329 605 2396 111,
625 2330 732 2396 quando
749 2329 859 2383 latiores
878 2329 945 2382 fines
959 2329 1139 2396 occupaverat

97 2415 277 2472 Grammatica
295 2418 396 2476 τέλειος
414 2431 435 2470 1.
455 2416 560 2482 ἐντελής
577 2415 620 2483 (ci.
640 2416 753 2470 Sextum
770 2416 870 2485 Empir.
885 2433 907 2470 o.
921 2415 1006 2470 Math.
1020 2413 1042 2468 I.
1058 2417 1080 2483 ξ.
1094 2415 1136 2468 44.

97 2503 161 2572 711),
188 2503 234 2558 cui
260 2504 295 2558 ad
322 2503 457 2557 Cretatam
484 2519 571 2573 usque
590 2503 689 2558 Critiae
707 2507 835 2573 tanquam
853 2520 914 2573 pars
933 2503 1055 2558 subiecta
1072 2505 1137 2557 erat.

95 2589 146 2646 Sed
162 2593 246 2646 huius
265 2591 324 2646 sive
344 2591 428 2660 partis
454 2591 512 2644 sive
537 2591 660 2661 propriae
685 2592 822 2647 doetrinae
846 2608 944 2646 nomen
967 2608 1022 2645 non
1038 2590 1139 2660 legitur

95 2683 155 2734 ante
173 2696 272 2734 aevum
290 2677 517 2746 Alexandrinum,
544 2679 599 2734 nisi
626 2679 656 2732 in
675 2679 789 2750 dialogis
808 2680 952 2733 Aeschinis
976 2681 1004 2732 et
1023 2677 1137 2745 Oebalia,

95 2775 161 2834 quos
178 2766 285 2836 spurios
304 2781 376 2832 1111,
395 2781 480 2835 nuper
491 2764 609 2819 Meiners
628 2766 727 2834 optime
747 2767 845 2820 docuit.
882 2765 950 2819 Rem
967 2765 1063 2835 igitur,
1084 2781 1138 2818 non

93 2869 190 2907 nomen
208 2855 236 2909 et
252 2852 446 2922 professionem
465 2853 598 2921 spectavit
615 2853 667 2909 Dio
682 2853 819 2923 chrysost.
839 2852 883 2907 Or.
896 2853 969 2907 LIII.
983 2852 1025 2920 [L]
1045 2853 1138 2906 dicens

14 3007 16 3020 ¹
94 2940 126 2993 ab
144 2941 291 2996 Aristotele
308 2941 359 3006 τὴν
380 2941 503 3010 κριτικήν
526 2958 556 2993 τε
573 2942 620 2992 καὶ
638 2941 834 3011 γραμματικὴν
851 2941 939 3010 ἀρχὴν
955 2943 1060 3008 labala:
1086 2939 1138 2993 etsi

14 3021 16 3090 ξ
91 3043 126 3080 11
144 3028 195 3083 hoc
213 3029 325 3098 quidem
346 3028 376 3081 in
399 3028 504 3082 iactura
521 3029 562 3082 tot
579 3028 776 3082 exoterioorum
801 3028 932 3082 librorum
949 3026 1103 3080 Aristotelis
1122 3043 1138 3080 a

14 3095 16 3194 ἱ
92 3115 172 3168 nobis
189 3116 256 3170 satis
274 3116 376 3170 firmari
399 3117 494 3185 potest.
531 3116 572 3169 Ao
594 3117 685 3170 minus
711 3117 794 3170 etiam
812 3117 915 3170 clarum
934 3117 987 3183 est,
1000 3133 1003 3140 ¹
1014 3113 1085 3183 quod
1103 3115 1137 3167 de

14 3233 16 3264 ;
91 3202 254 3272 Apollodoro
267 3203 386 3256 Cumano
400 3203 547 3272 traditura
560 3202 696 3257 Clemente
709 3203 786 3257 Alex.
807 3203 857 3258 Str.
871 3203 894 3258 Ι.
912 3223 937 3273 p.
951 3203 1009 3257 309.
1029 3202 1063 3272 [p.
1077 3204 1135 3257 365.

91 3289 173 3358 Pott.]
195 3308 245 3346 sou
267 3292 302 3344 de
324 3290 460 3344 Autodoro
484 3290 513 3342 111
537 3291 679 3346 Theodosii
702 3281 789 3346 Schol.
812 3309 853 3361 ap.
873 3291 965 3346 Burin.
991 3291 1024 3345 ad
1047 3290 1135 3344 Vales.

91 3376 223 3433 Idmendd.
242 3395 268 3447 p.
289 3377 347 3432 146,
367 3379 394 3431 11
411 3377 517 3433 Villois.
537 3380 638 3433 Aneed.
658 3379 702 3432 Gr.
723 3379 766 3448 [Π]
785 3397 810 3448 p.
829 3380 887 3432 173.
907 3379 944 3447 [in
962 3378 1025 3446 not]
1062 3378 1136 3431 Neu-

14 3469 15 3504 ἲ
91 3465 164 3520 ttius
184 3465 268 3534 enim,
293 3465 317 3520 si
334 3467 426 3520 tamen
444 3465 546 3520 diversi
564 3468 639 3534 sunt,
662 3469 777 3522 aetatem
795 3468 928 3520 tenemus.
964 3464 1137 3535 Relinquitur

91 3567 172 3622 ergo,
201 3557 232 3607 ut
258 3553 311 3622 rei,
344 3569 397 3606 non
424 3552 555 3621 nominis,
589 3553 735 3621 primordia
762 3553 945 3624 exquiramus.
993 3551 1137 3620 Reliquam

90 3639 235 3695 historiam
263 3640 459 3694 Grammaticus
490 3642 517 3694 et
548 3639 663 3695 Critioae
695 3642 772 3696 docte
802 3642 1001 3710 persequuntur
1032 3641 1137 3708 praeter

14 3733 16 3806 l
91 3727 185 3782 Vadas.
203 3728 221 3782 l.
240 3728 258 3781 1.
277 3727 450 3798 Maussaous,
475 3728 640 3800 Wowerius,
664 3729 768 3784 Fabrio.
787 3730 821 3785 ad
840 3729 967 3797 Sextum,
993 3727 1137 3782 Walchius

14 3825 15 3864 3
91 3815 227 3886 singulari
243 3815 345 3869 libello.

920 3908 963 3971 9.
