3048 4588
576 357 577 360 ¹
601 341 765 394 Prolegomenn
1176 343 1210 396 59

166 523 234 581 ω’ωι
244 517 296 604 ³⁸).
330 521 425 582 Unica
439 519 571 606 quitdem
585 523 660 583 hueo
677 529 726 584 est
739 523 777 584 de
792 520 849 584 hoo
862 524 1038 602 quaestione
1052 523 1211 585 auotoritas
1221 535 1255 591 78

165 626 285 702 diserta,
305 627 358 688 sod
373 645 408 688 eo
422 628 554 704 gmvior,
572 628 651 707 qnod
663 628 773 705 soripta
788 633 836 690 est
849 629 992 690 adversus
1007 630 1213 691 doctissimum

164 732 361 810 interpretem
375 732 506 808 Homeri,
518 737 549 793 et
562 751 651 794 nemo
666 738 803 794 veterum
815 738 914 794 exstat
928 734 1062 795 diversae
1078 753 1132 796 seu
1143 753 1212 795 oon-

164 837 273 898 tmriae
297 837 465 898 sententiae
488 838 634 900 defensor.
680 837 793 914 Quare,
821 843 973 918 uteunque
1004 840 1119 919 reliqua
1138 840 1213 900 fides

165 941 289 1020 Iosephi
318 942 521 1018 existimetur,
554 943 639 1004 loeus
670 944 723 1004 iile
757 948 874 1006 tuntum
906 944 1032 1019 vaiebit,
1067 950 1212 1024 quantum

165 1048 325 1125 perspicua
353 1049 443 1108 verba
473 1047 582 1108 vadent
626 1048 763 1126 Denique
793 1049 920 1110 aooessit
947 1050 977 1111 ei
1002 1067 1100 1127 nuper
1122 1049 1213 1111 Sohu-

164 1153 269 1214 liastes
303 1149 497 1235 quidemr),
529 1153 647 1214 adiutor
679 1154 804 1215 minime
829 1155 940 1232 dignus
973 1155 1025 1215 ilie
1051 1155 1212 1232 mentione,

254 1312 299 1380 38)
320 1312 419 1369 Contra
437 1313 534 1382 Apion.
553 1314 582 1383 I,
603 1313 627 1368 2.
647 1332 673 1384 p.
691 1314 751 1370 439.
786 1310 856 1385 ’0ψὲ
873 1317 920 1368 καὶ
941 1315 1024 1387 μόλις
1042 1315 1167 1385 ἔγνωσαν
1184 1317 1214 1368 οἱ

160 1395 289 1468 Ἕλληνες
301 1402 390 1471 φύσιν
402 1403 583 1473 γραμμάτων.
606 1405 647 1456 Ol
658 1402 725 1473 γάρ
736 1402 831 1472 [γοῦν]
846 1404 1084 1475 ἀρχαιοτάτην
1102 1403 1213 1456 αὐτῶν

166 1489 367 1558 τὴνχρῆσιν
384 1487 478 1542 εἶναι
497 1490 675 1556 θέλοντες,
693 1489 979 1560 παράΦοινίκων
996 1492 1052 1544 καὶ
1067 1491 1213 1559 Κάδμου

167 1576 404 1647 σεμνύνονται
428 1581 572 1644 μαθεῖν·
602 1578 635 1629 οὐ
660 1577 718 1647 μὴν
745 1577 804 1631 οὐδ’
832 1578 882 1630 ἀπ’
909 1579 1015 1633 ἐκείνου
1043 1587 1093 1631 τοῦ
1106 1576 1213 1652 χρόνου

57 1709 61 1717 .
166 1663 282 1718 δύναιτό
300 1683 341 1724 τις
364 1663 400 1717 ἀν
417 1663 506 1724 δεῖξαι
525 1665 681 1734 σωζομένην
699 1664 878 1734 ἀναγραφήν,
905 1665 961 1717 οὔτ’
980 1666 1011 1718 ἐν
1034 1666 1131 1735 ἱεροῖς,
1156 1665 1212 1718 οὔτ’

166 1751 197 1805 ἐν
223 1751 374 1820 δημοσίοις
400 1750 588 1821 ἀναθήμασιν.
634 1751 760 1818 (Miratur
787 1753 839 1807 hoo
869 1752 891 1806 I.
913 1751 943 1806 G.
962 1752 1078 1807 Vossius
1106 1754 1214 1822 propter

165 1837 268 1893 nobilia
287 1838 479 1908 epigrammata
497 1838 634 1894 Herodoti.
671 1839 759 1893 Aliter
777 1856 849 1894 nuno
868 1839 986 1894 sentient
1002 1840 1038 1909 ii,
1065 1839 1112 1909 qui
1131 1856 1214 1908 supra

165 1943 244 1981 ame
263 1925 396 1995 seriptum
413 1925 558 1995 probarint.
595 1927 734 1981 Nimirum
757 1927 889 1996 Iosephus
908 1928 1141 1997 operaepretium
1159 1944 1214 1982 non

166 2013 258 2083 duxit,
285 2013 341 2067 iliis
360 2015 388 2068 et
411 2013 548 2070 similibus
574 2015 673 2070 fabulis
691 2015 842 2070 refutandis
859 2016 1014 2084 immorari;
1042 2017 1070 2070 et
1094 2016 1214 2070 fecerant

165 2102 196 2156 id
211 2104 275 2157 ante
292 2118 356 2155 eum
373 2101 421 2156 alii
438 2102 531 2171 multi,
548 2105 580 2156 ut
596 2102 642 2156 hio
660 2103 719 2172 ipse
737 2103 814 2158 loeus
832 2103 958 2158 ostendit
993 2103 1053 2158 Iam
1071 2103 1215 2172 diligenter
1251 2089 1253 2093 ’

123 2191 128 2195 ’
166 2191 334 2259 oonsideres,
353 2206 421 2260 quae
439 2190 539 2258 audio)
566 2185 656 2244 Ὅπου
682 2209 715 2261 γε
742 2194 788 2244 καὶ
815 2193 893 2262 περὶ
920 2193 988 2245 τῶν
1006 2192 1062 2244 ἐπὶ
1085 2196 1215 2261 Τροίαν

168 2278 353 2338 τοσούτοις
378 2277 473 2331 ἔτεσι
497 2280 787 2349 στρατευσάντων
809 2280 956 2349 ὕστερον
981 2278 1091 2344 πολλὴ
1115 2282 1214 2348 γέγο-

165 2384 224 2420 νεν
243 2366 374 2437 ἀπορία
391 2383 424 2418 τε
441 2367 499 2417 καὶ
518 2365 672 2434 ζήτησις,
698 2369 727 2419 εἰ
741 2367 959 2436 ,γράμμασιν
977 2367 1141 2436 ἐχρῶντο·
1167 2367 1214 2418 καὶ

166 2453 285 2520 τάληθὲς
303 2452 447 2522 ἐπικρατεῖ
461 2454 570 2523 μᾶλλον
596 2455 661 2523 περὶ
682 2455 733 2506 τοῦ
758 2453 808 2519 τὴν
825 2455 877 2507 νῦν
901 2449 989 2508 οὖσαν
1010 2455 1065 2507 τῶν
1082 2453 1214 2524 γραμμά-

165 2560 221 2595 των
234 2543 340 2610 χρῆσιν
357 2541 478 2600 ἐκείνους
494 2541 616 2610 ἀγνοεῖν.
647 2535 733 2601 ’Ὸλως
758 2540 790 2594 δὲ
812 2541 888 2611 παρὰ
912 2545 971 2602 τοῖς
984 2535 1113 2607 Ἕλλησιν
1132 2540 1215 2594 οὐδὲν

167 2627 396 2698 ὁμολογούμενον
411 2628 564 2699 εὑρίσκεται
584 2628 702 2698 γράμμα
726 2630 774 2695 τῆς
788 2623 912 2699 Ὁμήρου
934 2629 1071 2695 ποιήσεως
1096 2628 1215 2699 πρεσβύ-

166 2733 253 2786 τερον.
295 2709 382 2774 Οὗτος
407 2714 439 2767 δὲ
464 2716 511 2767 καὶ
538 2715 593 2768 τῶν
616 2717 746 2782 Τρωϊκαῖν
770 2715 886 2784 ὕστερον
904 2720 1034 2785 φαίνεται
1057 2715 1213 2786 γενόμενος.

166 2807 226 2854 Καί
243 2815 335 2870 φασιν
352 2800 418 2854 οὐδὲ
439 2803 540 2856 τοῦτον
560 2802 591 2861 ἐν
614 2803 762 2872 γράμμασι
788 2803 838 2868 τὴν
861 2803 947 2856 αὑτοῦ
967 2807 1086 2870 ποίησιν
1105 2804 1214 2855 καταλι-

168 2895 246 2954 πεῖν,
266 2889 335 2941 titt
354 2889 651 2960 ἀιαμνημονευομένην
668 2890 698 2943 ἐκ
715 2891 770 2943 τῶν
789 2885 923 2960 ᾀσμάτων
946 2891 1062 2959 ὕστερον
1082 2891 1214 2956 συντεθῆ-

166 2996 225 3043 ναι,
245 2977 293 3029 ιιαῖ
308 2975 357 3029 ort
375 2977 456 3029 τοῦτο
478 2976 582 3036 πολλάς
599 2977 629 3030 ἐν
645 2978 713 3050 αὐτῇ
731 2981 810 3046 σχεῖν
826 2975 875 3036 τάς
888 2977 1050 3047 διαφωνίας.
1087 2977 1216 3031 Tironum

167 3065 254 3135 gratia
274 3081 337 3118 oum
354 3061 476 3119 Meriano
494 3064 643 3119 notandum
662 3066 714 3132 est,
738 3063 809 3117 illud
829 3065 918 3134 φασὶν
937 3064 971 3117 de
996 3065 1078 3118 rebus
1094 3063 1138 3118 vel
1157 3079 1214 3117 cer-

166 3151 283 3207 tissimis
300 3151 428 3220 usurpari
457 3151 487 3204 in
513 3152 593 3218 fama
609 3149 866 3216 trimembrem,
895 3167 949 3205 non
974 3151 1008 3205 de
1034 3151 1083 3219 iis,
1112 3166 1216 3219 quaes

166 3238 306 3294 nonnullis
322 3239 382 3292 sive
404 3239 500 3306 paucis
522 3239 674 3294 traduntur.
710 3238 752 3292 De
774 3237 818 3292 his
844 3236 946 3294 Graece
969 3240 1010 3294 est
1029 3239 1118 3306 φασὶν
1135 3237 1214 3301 ἔνιοι,

169 3331 243 3396 φασί
259 3343 340 3386 τινες.
375 3325 477 3380 Eadem
495 3325 564 3380 ratio
588 3328 630 3380 est
648 3325 706 3381 Lat.
725 3326 871 3381 verborum
889 3325 999 3392 άῖοιιιά,
1024 3326 1133 3392 ferunt,
1154 3328 1214 3376 tra-

168 3412 251 3481 άιναί,
266 3411 420 3480 perornent.
457 3413 553 3483 Neque
571 3430 635 3468 vero
653 3430 702 3482 per
724 3429 753 3468 so
771 3413 823 3468 hoo
841 3413 959 3467 multum
976 3411 1090 3482 profioit.
1127 3411 1214 3478 Quam

166 3501 255 3556 multa
272 3499 397 3569 perhibet
409 3500 494 3570 fama,
512 3517 627 3569 qnorum
638 3500 786 3556 falsitatem
798 3501 867 3555 ratio
881 3502 909 3555 et
921 3502 977 3554 tros
989 3500 1074 3552 testes
1088 3499 1214 3553 doceant!

256 3588 301 3654 39)
321 3588 364 3641 Ad
381 3587 494 3658 Dionys.
512 3587 623 3642 Thracis
644 3586 761 3642 Gnarum.
781 3606 823 3657 up.
837 3587 944 3642 Villois.
964 3586 1063 3641 Aneod.
1079 3585 1123 3640 Gr,
1134 3585 1213 3660 Mi.

168 3694 193 3745 p.
213 3675 272 3730 182.
298 3669 351 3729 Ἠν
368 3675 435 3746 γάρ,
464 3673 500 3735 ὥς
524 3690 626 3744 φασιν,
654 3676 817 3745 ἀπολόμενα
844 3675 878 3727 τὰ
904 3677 955 3728 τοῦ
979 3670 1111 3744 Ὀμήρου
1139 3673 1215 3726 τότε

168 3763 234 3833 γὰρ
253 3765 290 3815 οὐ
307 3764 420 3836 γραφῇ
438 3763 690 3832 παρεάίάοντο,
717 3763 803 3815 ἀλλά
820 3763 908 3834 μόνη
927 3761 1155 3830 διδασκαλία,
1175 3762 1216 3821 ὡς

171 3851 209 3903 άν
225 3851 379 3920 μνήμονα
400 3850 640 3918 φυλάττοιντο
658 3868 681 3903 κ.
702 3868 724 3902 τ.
740 3851 764 3904 λ.
