2980 4576
547 341 710 393 Prologomona.
1101 338 1150 392 171

115 524 142 582 ei
172 524 236 584 sive
269 524 369 585 meriti
403 523 466 584 sive
501 523 606 600 culpae
639 522 852 600 assignandum
886 521 939 596 sit,
977 521 1154 599 pierumque

114 628 328 690 incertissimus
358 629 482 689 haereas
512 645 637 688 neccsse
672 633 727 688 est.
779 628 820 686 At
847 626 924 685 iliud
951 625 1038 686 nohis
1067 625 1154 686 facile

16 748 17 759 ¹
113 733 272 809 largientur
294 733 387 808 docti,
409 737 443 793 ut
465 734 497 792 in
519 733 609 792 huius
632 749 750 810 quoque
772 729 957 791 recensionis
978 730 1154 807 fragmentis

112 838 250 916 pleraque
273 839 311 898 ad
331 830 515 918 παράδοσιν
538 836 687 914 quandam
712 840 744 896 et
766 835 943 912 scripturam
965 838 1030 894 111111
1051 834 1154 910 vulga·

112 947 169 1002 tam
189 944 368 1018 referamus,
398 941 575 1020 pracsertim
593 942 696 1019 inepta
717 941 782 1016 iiia,
814 958 891 1018 quae
913 957 982 1000 cum
1004 939 1154 1000 Zenodotc

112 1052 139 1108 et
159 1048 228 1108 aliis
249 1046 467 1128 antiquioribus
485 1047 654 1107 communia
671 1046 788 1126 hahuit,
812 1063 911 1124 neque
926 1039 1024 1124 igiltur
1038 1045 1214 1120 primus222

111 1153 271 1214 adscivisse
299 1153 398 1230 putari
431 1146 595 1234 potest⁹⁷).
648 1150 685 1210 In
715 1151 763 1210 his
793 1168 864 1226 crgo
896 1168 957 1210 non
988 1153 1049 1209 tam
1077 1147 1154 1209 iilud

110 1263 201 1335 patet,
232 1258 305 1336 quid
333 1258 464 1334 probarit
491 1258 557 1334 ipse
587 1260 639 1316 aut
664 1259 752 1333 poeta
773 1255 986 1332 dignissimum
1007 1253 1153 1330 iudicarit,

110 1381 196 1440 quam
230 1363 303 1440 quid
334 1380 394 1422 non
424 1361 611 1438 improbarit,
646 1361 719 1438 quid
747 1361 811 1420 loco
842 1377 901 1420 non
931 1361 1067 1420 moverit.
1116 1359 1154 1419 In

109 1468 351 1543 commeantem,
378 1468 411 1526 in
433 1467 543 1545 quihus
565 1465 649 1525 nulia
670 1465 820 1543 antiquior
841 1465 1001 1524 auctoritas
1023 1467 1153 1540 afferam,

16 1645 17 1654 χ
109 1573 227 1632 tametsi
263 1572 414 1648 Excerpta
448 1571 633 1632 Scholiorum
669 1571 750 1647 apud
783 1588 832 1629 me
868 1571 989 1648 quidem
1029 1569 1153 1630 minime

16 1655 17 1670 ¹
109 1677 220 1738 habent
240 1679 318 1738 hanc
339 1678 444 1753 fidem,
467 1682 502 1737 ut
521 1695 556 1736 ea
577 1676 615 1736 ad
637 1675 826 1754 diligentiam
844 1680 998 1736 accuratae
1013 1675 1154 1736 orationis

17 1764 20 1773 ¹
108 1781 296 1860 interpretari
318 1787 370 1843 aut
392 1801 432 1844 ex
447 1783 552 1860 quovis
568 1781 689 1841 silentio
704 1781 817 1859 aliquid
832 1781 999 1840 extundere
1013 1781 1153 1858 audeam;

109 1889 160 1947 sed
182 1888 218 1946 in
240 1888 349 1948 ceteris
371 1893 486 1963 tamen,
517 1904 592 1965 quae
614 1885 809 1964 Aristophani
831 1885 950 1963 proprie
972 1885 1153 1961 tribuuntur,

108 1993 249 2052 maiorem
281 1992 445 2053 doctrinam
475 1997 507 2053 et
537 1991 713 2052 modestiam
743 1991 831 2050 facile
860 1991 1058 2067 agnoscimus.
1110 1991 1154 2051 Ac

17 2127 18 2146 1
107 2098 298 2175 reperiuntur
320 2098 352 2157 in
370 2116 404 2158 eo
423 2115 548 2158 numero
563 2097 664 2176 plura,
688 2113 763 2174 quae
786 2095 895 2173 partim
917 2114 977 2156 non
992 2095 1154 2156 reiicienda

17 2313 18 2316 ,
106 2264 151 2318 ubi
171 2264 339 2333 ποιημάτων
364 2262 394 2314 in
415 2259 622 2331 ὑπομνημάτων
646 2261 807 2315 mutandum
831 2275 890 2315 esso
908 2261 981 2314 recte
998 2257 1070 2314 vidit
1087 2257 1153 2313 Bre-

17 2377 18 2388 1
108 2351 203 2406 dorius
222 2367 299 2405 meus
324 2349 418 2418 [quem
435 2348 592 2402 Dindorfius
618 2351 728 2402 secutus
748 2350 802 2401 est:
826 2346 964 2401 Bohkerus
990 2348 1155 2416 ποιημάτων

107 2437 227 2492 retinuit.
260 2435 313 2490 Sed
326 2435 384 2490 iilic
398 2451 503 2505 quoque
515 2431 674 2487 Aristarchi
694 2434 881 2503 ὑπομνήματα
893 2431 1070 2503 intelligenda
1082 2434 1154 2493 sunt,

107 2542 158 2580 non
182 2523 397 2592 Aristophanis]
440 2523 507 2576 Inde
526 2523 651 2590 sumptus
670 2523 723 2589 ost,
745 2523 777 2575 ut
796 2521 902 2590 opinor,
926 2521 1003 2576 locus
1021 2521 1054 2574 de
1072 2535 1155 2574 versu

17 2597 18 2608 ¹
109 2611 247 2682 Odysseae
267 2628 309 2679 ap.
327 2611 425 2664 Athen.
445 2610 493 2664 VI.
512 2627 538 2678 p.
559 2607 618 2662 228.
636 2609 670 2662 D.
695 2611 723 2662 et
745 2607 794 2664 illa
815 2609 946 2678 Porphyr.
972 2607 1002 2674 Q.
1021 2607 1056 2662 H.
1074 2606 1100 2660 8.
1125 2607 1154 2660 in

16 2761 17 2768 η
107 2699 206 2768 quibus
226 2699 241 2749 ὁ
263 2699 404 2765 βέλτιστος
416 2692 616 2766 Ἀριστοφάνης
639 2695 767 2750 laudatur
792 2695 885 2768 ῥητῶς.
922 2697 962 2748 Ac
986 2693 1153 2764 Porphyrius

106 2787 220 2842 rorasse
238 2785 367 2839 volumen
385 2783 472 2839 oculis
490 2785 682 2852 usurpaverat;
702 2784 730 2837 at
743 2780 909 2838 Scholiasta
922 2781 991 2836 illud
1006 2797 1152 2851 usurpasse

15 2899 16 2908 ¹
106 2891 159 2928 non
179 2872 353 2928 crediderim.

14 3025 15 3036 ἵ
194 2956 240 3024 97)
261 2956 412 3010 Zenodotaa
429 2955 494 3009 sunt
511 2954 592 3020 haec,
619 2968 634 3006 e
652 2953 752 3022 quibus
770 2954 861 3007 tamon
879 2969 1013 3022 perpauca
1031 2968 1076 3007 aas
1094 2967 1152 3007 sor·
1191 2939 1193 2944 ¹

107 3043 257 3110 desolent,
283 3059 350 3111 quas
374 3043 454 3096 modo
472 3041 638 3095 ridebamus:
665 3040 713 3093 scd
736 3040 803 3094 satis
828 3039 879 3093 erit
895 3055 1021 3094 numeros
1039 3054 1151 3107 ponere:

13 3161 14 3198 η
106 3136 140 3182 Α.
161 3130 205 3185 91.
224 3136 249 3196 β.
266 3129 349 3184 Catal.
368 3127 427 3182 308.
448 3128 533 3198 (vulg.
552 3126 624 3194 801.)
643 3145 669 3195 γ.
682 3127 725 3180 57.
745 3127 803 3181 126.
823 3126 847 3179 δ.
863 3127 922 3180 137.
941 3128 960 3188 ζ.
976 3126 1034 3179 121.
1054 3145 1078 3191 η.
1091 3125 1152 3179 452.

13 3209 14 3252 1
106 3223 133 3271 ά.
153 3215 214 3270 290.
234 3216 293 3270 304.
314 3236 332 3268 1.
349 3213 406 3270 158.
427 3233 450 3270 κ.
467 3215 526 3268 306.
545 3233 575 3282 μ.
590 3213 632 3268 66.
653 3213 694 3267 79.
715 3213 773 3266 127.
793 3232 817 3267 ν.
837 3212 861 3267 2.
882 3214 923 3266 71.
943 3213 1002 3267 107.
1018 3212 1078 3267 245.
1093 3211 1152 3266 246.

106 3305 164 3358 551.
186 3306 207 3364 ξ.
228 3303 269 3356 36.
291 3303 349 3357 177.
367 3302 427 3356 208.
447 3301 506 3356 229.
526 3301 585 3354 259.
605 3301 665 3356 276.
680 3299 738 3354 299.
752 3300 812 3354 310.
826 3300 886 3355 400.
900 3300 960 3354 412.
974 3300 1034 3355 505.
1054 3319 1078 3354 ο.
1093 3300 1153 3353 139.

106 3391 165 3445 301.
186 3408 217 3444 π.
231 3389 290 3443 223.
311 3403 337 3441 σ.
351 3388 409 3442 198.
429 3387 569 3443 400466.
589 3387 648 3442 502.
678 3398 708 3455 ψ.
728 3387 787 3442 461.
808 3386 977 3458 [Congruunt
994 3387 1153 3456 Aristopha-

106 3493 172 3532 neee
199 3492 261 3530 oum
286 3474 446 3529 Zenodoteis
472 3474 620 3543 scripturae
648 3475 730 3530 etiam
754 3495 784 3544 μ.
804 3475 845 3528 59.
871 3492 895 3528 ν.
921 3473 980 3527 237.
1008 3473 1153 3543 (siquidem

106 3561 195 3618 Schol.
216 3562 249 3616 V.
271 3563 352 3618 fidem
373 3559 517 3628 habemus)
543 3564 564 3622 ξ.
584 3561 642 3614 285.
662 3562 745 3631 340.].
765 3592 799 3602 -
824 3561 895 3616 Aliis
919 3561 936 3614 9
954 3560 1022 3615 locis
1045 3562 1153 3615 notatur

106 3650 297 3720 Aristophanis
316 3665 463 3704 consensus
489 3665 551 3702 cum
569 3648 662 3718 aliqua
682 3649 758 3703 editt.
778 3648 946 3716 urbicarum,
971 3666 996 3699 α.
1014 3646 1073 3700 298.
1092 3646 1152 3701 424.

106 3736 166 3792 585.
185 3737 247 3791 508.
264 3756 290 3806 ην.
307 3739 349 3790 51.
372 3756 394 3789 ο.
415 3736 458 3789 44.
477 3756 499 3788 τ.
511 3735 555 3790 86.
577 3756 600 3788 υ.
615 3733 672 3790 188.
693 3755 721 3790 ω.
737 3736 793 3804 30,
810 3736 853 3790 bis
872 3752 933 3790 curn
952 3751 1007 3789 una
1024 3733 1152 3803 Rhianoa

105 3832 128 3867 τ.
146 3813 189 3869 41.
210 3813 350 3884 5111181.
379 3814 532 3883 [Accedunt
551 3831 576 3866 α.
595 3813 656 3867 553.
675 3816 703 3867 et
722 3833 745 3867 v.
765 3812 837 3881 188.]
