2980 4576
775 326 939 378 Prolegonrena.

430 403 534 407 --——
556 404 562 408 .
576 404 587 408 v.
601 404 768 408 -——-
778 405 783 409 .
793 397 1007 410 --...,-.Α,
1022 405 1104 410 .-....-
1120 405 1189 410 ...-...
1204 405 1285 409 .-.....-
1295 404 1370 408 -—.-—

274 509 415 568 243tasse
430 509 620 604 sentiendum
635 508 693 570 erit
711 501 715 588 Ι
732 509 771 569 de
792 511 930 571 omnibus
952 510 1063 587 ineptis
1082 516 1112 570 et
1130 512 1291 570 maximam
1311 530 1374 588 par·

334 618 397 672 tem
418 613 478 672 iam
497 613 568 673 olim
597 615 718 674 reiectis
746 615 925 676 lectionibus
955 615 1035 691 eius,
1066 635 1140 694 quas
1170 635 1228 694 ego
1258 617 1375 694 quidem

335 718 484 778 Zenodoto
503 719 603 795 potins
623 725 675 779 aut
689 719 779 780 alicui
793 721 926 798 priorum
941 721 1089 780 editorum
1104 739 1193 799 quarn
1208 721 1376 782 Aristarcho

334 821 610 904 assignaverim29).
645 825 763 902 Nempe
785 825 865 884 ahud
882 831 943 899 est,
965 825 1095 886 retinere
1110 825 1222 904 aliquid
1236 826 1270 884 in
1284 831 1376 902 textu,

334 927 427 1003 aliud,
448 929 614 990 adsciscere
636 931 767 1008 primum
789 931 839 990 vel
853 949 892 990 ex
907 932 1078 992 coniectura
1092 949 1245 1008 reponere.
1283 930 1377 991 Nemo
1468 1001 1469 1004 Ἴ

333 1038 435 1122 autem
462 1035 592 1110 ignorat,
627 1053 716 1112 quarn
746 1036 778 1094 in
807 1035 864 1096 hoo
893 1053 1005 1112 genere
1035 1035 1157 1096 difficile
1186 1036 1239 1110 sit,
1274 1053 1377 1095 omnes

333 1138 465 1198 maculas
495 1157 590 1199 unum
616 1141 771 1200 videreet
758 1141 909 1216 teluere,
939 1141 1115 1218 praesertim
1144 1142 1177 1201 in
1206 1140 1282 1200 h'bro
1304 1141 1377 1199 anti-

334 1245 436 1323 quitus
465 1245 637 1322 depravato,
675 1251 707 1305 et
735 1264 805 1306 ourn
832 1247 908 1323 ipsis
939 1246 1198 1322 depravationibus
1228 1263 1317 1323 saepe
1346 1245 1378 1304 in

273 1356 324 1408 244
333 1350 531 1409 imitationem
552 1354 659 1410 tracto·
653 1349 774 1428 ‚idque
794 1355 891 1411 aetate
914 1369 950 1411 ea
971 1351 1082 1426 facere,
1105 1368 1181 1428 quae
1204 1344 1378 1430 grammati·
1469 1377 1470 1380 ¹

333 1471 398 1513 carn
421 1458 452 1513 et
474 1455 609 1515 criticam
630 1445 795 1536 ἀκρίβειαν
816 1455 942 1514 vixdum
962 1461 1062 1515 natam
1083 1455 1206 1515 viderat.

333 1673 412 1725 textu
428 1673 532 1738 nostro,
558 1686 627 1739 quae
652 1686 695 1724 me
721 1671 803 1725 etiam
825 1671 961 1740 poeniteat
985 1671 1142 1740 reliquisse,
1167 1671 1284 1727 maxime
1309 1671 1378 1726 illud

333 1759 459 1829 μήστωρε
477 1776 496 1812 ε.
517 1757 575 1812 272.
1470 1753 1471 1758 ’

422 1846 466 1914 29)
494 1845 585 1900 Etiam
612 1845 695 1900 huius
721 1846 827 1914 generis
851 1845 999 1901 lectionum
1023 1848 1132 1901 brevem
1156 1846 1274 1901 indicem
1297 1847 1377 1902 dabo:

334 1936 366 1988 A.
379 1933 440 1988 434.
459 1933 575 2003 ἀφέντες
587 1933 631 1987 vel
644 1933 762 2001 ἐφέντες.
782 1932 909 2003 [ὑφέντες
923 1933 1086 2002 Zenodotus,
1105 1934 1279 1988 Aristarchus
1294 1935 1377 2004 ἀφέν-

334 2041 377 2082 τες
400 2024 516 2076 testante
542 2021 672 2089 Didymo,
702 2037 756 2090 non
783 2019 905 2090 ἐφέντες]
931 2020 989 2076 518.
1018 2015 1088 2091 Ἥρη
1112 2021 1240 2077 nominat.
1268 2040 1294 2091 γ.
1318 2020 1376 2075 326.

334 2111 458 2163 ἑκάστου.
481 2108 540 2162 348.
567 2110 594 2162 et
619 2127 642 2178 ρ.
661 2107 703 2160 44.
724 2110 751 2160 et
769 2107 835 2162 alibi
853 2124 932 2176 saepe
951 2108 1009 2160 οὐδ’
1029 2108 1139 2178 ἔρρηξεν
1152 2108 1263 2177 χαλκός.
1291 2107 1376 2162 (1.17.

335 2191 369 2251 αὖ
397 2215 463 2257 πως.
499 2214 518 2250 ε.
546 2194 607 2250 874.
634 2190 658 2247 τί
684 2195 825 2265 ἄνδρεσσι.
859 2216 883 2262 η.
906 2197 948 2251 64.
976 2196 1087 2249 πόντον.
1118 2196 1177 2249 197.
1205 2195 1280 2250 ἑλών-
1319 2195 1376 2249 304.

334 2287 467 2353 ἰϋκμήτῳ.
503 2289 530 2337 6.
558 2281 616 2337 109.
643 2286 782 2350 κομείτην.
813 2284 857 2351 [ad
885 2300 966 2353 quern
992 2283 1083 2337 locum
1109 2284 1218 2338 adnotat
1243 2283 1377 2337 Dindorf.:

334 2389 493 2460 ικομείτων]
511 2363 647 2459 κομείτίιίι
670 2391 694 2440 A
712 2389 742 2442 in
767 2390 853 2442 textu.
890 2387 982 2442 Scribe
1002 2381 1177 2457 Ἀρίσταρχος
1200 2393 1331 2456 κομείτην
1351 2387 1378 2439 ct

333 2477 403 2531 refer
415 2477 449 2531 ad
461 2493 572 2530 versum
580 2476 639 2540 113,
652 2476 700 2531 ubi
713 2476 760 2530 ah'i
772 2475 899 2544 legebant
912 2470 1059 2544 θεράποντ’
1072 2474 1224 2544 ἐκομείτην.
1235 2471 1377 2541 ΟΟΒΕΤ’.]

333 2563 394 2618 449.
415 2567 500 2616 τοῖον.
531 2563 609 2617 ι.18.
634 2567 722 2633 μέγας
749 2563 791 2629 (cf.
811 2562 921 2630 Didym.
946 2563 980 2617 ad
1000 2568 1024 2629 β.
1042 2563 1112 2628 111.)
1133 2562 1176 2616 66.
1199 2563 1378 2630 φυλακτῆρας.

334 2651 393 2704 214.
413 2652 555 2721 ἀπαείρας.
576 2651 635 2704 297.
666 2651 845 2720 τιμήσονται.
872 2644 1232 2720 [0οΠ.104“τιμήσονται
1254 2648 1378 2720 ὡςέλεύ-

335 2738 451 2808 σονταί]
472 2740 531 2793 576.
547 2737 631 2807 [586]
653 2740 742 2806 ψιλῆς.
771 2738 830 2792 601.
851 2737 933 2806 [605]
953 2745 1034 2808 τιμῆς
1053 2737 1135 2807 genit.
1155 2736 1181 2805 [7
1198 2737 1283 2792 forma
1296 2739 1378 2791 contr.

333 2842 381 2895 pro
400 2827 519 2896 τιμήεις,
540 2826 588 2880 sed
607 2825 666 2879 sine
686 2845 695 2876 ι
712 2825 816 2879 subscr.
836 2824 875 2878 cf.
894 2824 933 2879 La
945 2824 1078 2879 Roohinm
1098 2823 1148 2890 Qu.
1167 2824 1245 2881 Horn.
1263 2842 1286 2894 p.
1310 2824 1377 2894 221.]

333 2933 356 2966 κ.
376 2913 434 2967 225.
462 2915 540 2982 εἴπερ
564 2931 599 2964 τι.
625 2911 713 2982 [εἴπερ
738 2930 766 2965 τε
795 2928 861 2966 corr.
886 2909 986 2978 Cobet]
1013 2913 1036 2963 1.
1055 2910 1096 2964 72.
1126 2912 1227 2983 ὑσμίνη
1251 2941 1285 2950 -
1310 2911 1377 2981 ἔχεν.

333 3001 392 3055 439.
412 3001 495 3060 τέλος.
525 3003 544 3060 ξ.
564 2999 605 3054 72.
626 2999 678 3053 ὅτε.
701 2999 759 3054 202.
778 3017 815 3068 με
835 3004 943 3068 σφοῖσι.
978 3019 996 3052 0
1019 2999 1079 3053 439.
1098 3002 1213 3052 τέκεσσι.
1241 2998 1377 3066 [Zenodoti

332 3089 413 3145 lectio
441 3090 496 3156 est,
529 3103 582 3141 non
612 3087 771 3156 Aristarchi]
803 3106 833 3139 π.
858 3086 917 3140 638.
945 3087 1110 3155 Σαρπηδόνι
1133 3087 1193 3154 δίῳ.
1225 3087 1283 3141 775.
1309 3088 1324 3139 6
1347 3086 1378 3140 δὲ

334 3179 533 3246 στροφάλιγγι,
564 3176 635 3245 quod
663 3175 794 3230 remansit
818 3175 907 3229 adhuc
935 3173 1030 3244 Odyss.
1061 3193 1089 3230 ω.
1114 3175 1155 3230 39.
1183 3173 1377 3242 [Aristarchum

334 3259 392 3317 66'
413 3264 449 3317 iv
472 3263 615 3333 scripsisse
634 3261 713 3318 testis
732 3265 774 3317 est
791 3259 945 3331 Didymus]
965 3293 998 3302 -—
1024 3281 1046 3331 ρ.
1066 3260 1108 3315 27.
1128 3261 1195 3316 οὐδέ
1210 3280 1246 3315 τε.
1266 3262 1324 3316 202.
1350 3264 1378 3314 at

334 3352 376 3418 δή.
408 3350 498 3419 [Falso
517 3350 709 3418 Villoisonius3
734 3346 776 3402 ‘ni
795 3349 825 3403 ut
847 3345 1026 3420 Ἀριστάρχου
1055 3349 1089 3410 ὃς
1116 3350 1155 3415 δή
1177 3369 1230 3402 τοι
1257 3350 1377 3419 σχεδὸν

333 3433 430 3507 etru’]
458 3437 517 3493 681.
538 3438 636 3493 ἴδοιτο.
667 3453 692 3490 σ.
711 3436 772 3490 485.
798 3437 978 3504 ίστεφοίνωκε.
1001 3435 1177 3504 [2000401082
1204 3436 1376 3506 ἐστήρικται]

336 3546 357 3578 ο.
371 3525 430 3579 228.
450 3527 551 3578 ἄλλοτε.
575 3525 761 3592 [Aristarchus
775 3524 830 3576 ἀλλ’
851 3522 895 3577 ὅτε
909 3524 951 3587 δι’,
970 3523 1017 3578 alii
1035 3523 1083 3589 6⁷5:
1103 3525 1131 3577 et
1147 3526 1220 3578 recte
1239 3525 1307 3579 haec
1319 3524 1375 3592 qni·

333 3613 395 3666 dem
420 3629 461 3681 cp.
482 3611 638 3678 Villoiscn]
664 3612 723 3665 255.
752 3612 840 3663 πολλὰ
861 3612 896 3663 τα’
916 3628 944 3664 τε
967 3613 1013 3663 καὶ
1038 3607 1106 3664 οὐκί.
1135 3630 1165 3679 φ.
1185 3610 1245 3665 252.
1264 3610 1375 3681 μέλανός

332 3719 382 3753 τοι,Ι
401 3699 493 3767 (τινός.
512 3701 546 3754 cf.
563 3699 597 3755 sd
615 3719 643 3753 ω.
661 3699 733 3765 315.)
756 3718 785 3768 χ.
804 3699 865 3752 475.
894 3702 1030 3766 ἢμπνυτο.
1051 3698 1106 3766 [vel
1125 3698 1215 3766 potius
1236 3696 1373 3769 ἔμπνυτο]

333 3786 416 3842 Plura
434 3786 463 3840 in
482 3787 526 3840 his
545 3803 651 3856 quoque
670 3789 733 3841 sunt
752 3786 897 3843 manifesta
915 3787 1013 3843 menda
1030 3786 1189 3856 scripturae.
