3048 4588
599 365 762 418 Ptolegomena.
1175 371 1207 424 21

159 542 266 602 feccrit
298 549 351 604 aut
382 546 545 609 Barncsius
580 542 665 631 (nam
703 549 753 610 hic
791 550 943 612 interdum
975 552 1089 631 aliquid
1123 555 1210 613 offert

161 637 314 724 01100θο1,
334 655 369 708 ut
390 646 463 734 aitz)
488 658 549 713 ata
565 654 692 730 sepultis
714 655 845 731 ingeniis
861 655 969 716 abhinc
989 657 1077 734 plura
1092 658 1209 718 saecula

160 755 310 829 profectos
340 773 402 814 non
436 757 538 818 licebit
571 759 716 819 reiicere?
760 760 883 820 Discere
915 760 1021 836 velim,
1055 780 1113 840 quo
1144 763 1209 822 iure

161 859 247 918 nobis
269 859 362 920 ceteri
384 861 535 922 retinendi
559 863 628 924 sint.

651 1035 715 1101 IX.

248 1176 341 1235 Aliud
363 1195 461 1253 genus
483 1183 531 1238 est
550 1180 740 1256 nugatorum
766 1179 930 1239 lectionum
952 1179 1047 1239 11111110
1069 1181 1207 1258 frequen-
1217 1183 1251 1238 28

160 1280 235 1356 tius,
259 1281 339 1358 quod
360 1282 504 1343 librorum
526 1285 647 1361 quidem
663 1290 694 1344 et
707 1285 916 1347 accensionum
931 1290 1067 1345 veterum
1082 1303 1208 1346 assensu

160 1387 286 1446 minime
309 1394 421 1463 careat,
451 1407 507 1448 nec
529 1394 629 1449 tamen
651 1390 700 1449 vel
729 1394 851 1466 propter
870 1407 960 1450 nsum
980 1390 1070 1450 huius
1092 1395 1206 1466 poetae,
1265 1387 1267 1394 ’

160 1493 210 1567 vel
232 1498 353 1570 propter
368 1494 630 1554 conformationem
649 1499 680 1555 et
694 1500 828 1555 tenorem
847 1496 1032 1570 sentcntiae,
1055 1495 1104 1554 vel
1118 1495 1208 1554 aliam

160 1597 252 1656 talem
275 1615 395 1658 causam
415 1617 477 1658 non
499 1600 714 1676 expellendum
736 1605 767 1660 et
789 1600 826 1658 ad
849 1599 987 1660 meliores
1009 1599 1101 1660 libros
1123 1617 1207 1660 revo-

159 1702 290 1762 candum
309 1703 452 1763 videatur.
497 1705 612 1764 Verum
645 1706 678 1764 in
711 1707 768 1765 hoc
797 1723 923 1782 genere,
957 1706 1035 1765 siout
1063 1706 1153 1766 etiam
1174 1705 1208 1765 in

159 1807 259 1884 priore
280 1807 345 1876 illo,
368 1809 492 1868 dubium
512 1810 585 1869 facit
606 1811 757 1870 interdum
772 1811 898 1886 penuria
913 1811 1058 1870 bonorum
1072 1810 1210 1885 fontium,

160 1931 219 1990 quo
241 1913 330 1973 lectio
352 1932 488 1992 quaeque
509 1916 665 1976 referenda
685 1916 740 1990 sit,
769 1921 871 1974 utrum
903 1915 941 1974 ad
969 1915 1116 1974 incuriam
1146 1915 1208 1974 edi-

160 2024 273 2093 torum,
296 2037 335 2078 an
357 2019 395 2077 ad
417 2020 568 2095 codicum,
592 2021 700 2098 quibus
722 2020 768 2078 illi
790 2020 839 2080 usi
861 2025 947 2096 sunt,
974 2020 1107 2098 adeoque
1129 2020 1209 2097 ipso·
1258 2082 1269 2106 ⁸

158 2141 227 2182 rum
249 2128 387 2183 veterum
409 2126 622 2186 auctoritatem.
666 2126 707 2184 Ut
722 2125 843 2201 vulgata
858 2115 976 2206 Πιερίῃ
990 2123 1021 2202 β.
1041 2126 1112 2184 766.
1127 2125 1208 2184 unde

160 2228 247 2288 nobis
281 2228 315 2287 in
346 2247 449 2290 omnes
482 2231 566 2290 editt.
596 2231 729 2305 venerit,
768 2230 886 2307 ignoro3
929 2247 1028 2306 neque
1061 2247 1132 2288 vero
1168 2247 1207 2289 ex

158 2332 282 2408 Hymno
308 2334 341 2392 in
364 2333 452 2395 Mero.
477 2337 528 2394 70.
544 2353 607 2413 sqq.
642 2340 694 2394 aut
725 2334 847 2393 aliunde
880 2333 1041 2394 defendere
1075 2351 1206 2409 possum.

159 2438 207 2498 Ibi
230 2439 312 2498 enim
346 2458 405 2499 non
430 2442 556 2515 pastoria
581 2439 615 2498 ab
645 2440 819 2515 Amphryso,
848 2439 902 2498 sed
925 2443 1127 2498 armentorum
1149 2438 1208 2498 diis

159 2561 312 2602 sacrorum
334 2544 447 2604 mentio
469 2546 513 2604 fit.
557 2544 699 2623 Plerique
721 2549 822 2604 autem
842 2543 913 2602 boni
934 2543 1017 2602 codd.
1032 2537 1114 2623 [?]³)
1138 2561 1207 2602 oum

158 2649 297 2709 Eustath.
327 2655 447 2710 servant
478 2668 587 2709 nomen
620 2667 715 2728 paene
748 2647 917 2708 inauditum
956 2648 989 2706 in
1019 2647 1207 2725 geographia,

159 2755 215 2814 sed
236 2754 293 2814 hoo
313 2755 379 2830 ipso
401 2755 439 2813 acl
461 2755 683 2833 corruptionem
706 2771 849 2830 pronum,
882 2744 1001 2834 Φηρείῃ
1027 2771 1050 2812 s.
1074 2743 1206 2835 Πηρείῃ,

159 2859 251 2936 idque
273 2859 464 2919 hauddubie
486 2877 526 2919 cx
548 2860 604 2919 hoe
633 2859 698 2918 loco
719 2859 863 2934 praebent
887 2857 1059 2935 Stephanus
1080 2857 1153 2934 Byz.
1177 2861 1208 2916 ct

158 2964 333 3041 Hesychius
353 2982 407 3040 pro
428 2965 551 3040 regione
579 2963 751 3023 Thessaliae
773 2961 880 3022 Pheris
902 2961 1009 3023 vicina.
1054 2961 1115 3022 Sed
1136 2961 1207 3021 alic-

158 3089 228 3130 rum
247 3070 342 3130 multo
357 3070 491 3148 plurium
504 3069 667 3130 lectionum
682 3065 784 3147 teletas
800 3070 922 3126 exstant
935 3067 1059 3126 minime
1075 3067 1206 3145 obscuri3
1217 3079 1251 3133 29

159 3193 288 3254 quorum
310 3180 410 3235 tamen
432 3194 489 3236 neo
509 3193 654 3234 numerus
668 3173 812 3233 neoalias
827 3176 961 3249 spectata
975 3172 1093 3232 bonitas
1116 3172 1208 3232 fidem

158 3283 259 3342 facere
295 3285 395 3356 potest
425 3280 479 3356 iis,
511 3280 621 3358 quibus
658 3297 724 3340 eam
757 3279 884 3338 istarum
917 3276 1017 3354 aliqua
1049 3295 1208 3337 causarum

250 3487 277 3553 3)
295 3485 426 3539 Nonnulli
444 3501 550 3552 conum,
569 3486 601 3538 ut
611 3484 746 3549 Venetus,
764 3479 876 3534 initium
894 3481 922 3532 et
934 3479 1012 3549 quasi
1024 3496 1102 3534 omen
1122 3483 1207 3550 quod·

159 3575 223 3630 dam
242 3573 443 3642 depravationis
461 3572 574 3639 habant,
593 3574 708 3640 Πηερίῃ.
743 3569 778 3622 In
796 3566 912 3622 Scholiis
931 3566 1002 3621 nihil
1019 3569 1061 3621 cst
1079 3567 1158 3622 adh
1171 3587 1207 3636 v.‚

160 3678 248 3732 nequo
265 3661 296 3714 in
313 3659 370 3714 illis
387 3659 531 3730 vulgatum
554 3659 665 3713 affertur
686 3655 741 3710 nisi
763 3671 817 3710 uno
841 3653 1029 3722 1000111383.
1066 3654 1207 3711 8011110110

162 3749 351 3804 auctoritatem
382 3763 436 3801 non
470 3747 635 3817 graviorem,
668 3746 746 3813 puto,
782 3759 863 3812 quam
890 3741 1033 3811 Macrobii,
1065 3742 1208 3798 habuisset

161 3836 322 3892 Valckenar.
341 3851 423 3905 quam
441 3834 505 3889 vide
523 3834 558 3889 ad
576 3834 700 3886 Ammon.
719 3830 776 3899 HI,
796 3829 837 3885 12.
