3048 4588
310 315 344 370 36
756 317 920 371 Prolegomena.

700 393 704 398 .
734 393 963 400 --ψ-ψῃ...-
974 394 979 403 ,

309 499 392 571 rent,
422 495 583 555 utilitatem
610 496 688 574 apud
717 502 852 574 posteros
874 516 963 558 nemo
989 503 1111 559 curaret
1157 499 1229 560 Sero
1251 504 1352 559 autem

308 619 385 677 gens
407 600 508 660 adulta
530 602 664 678 respexit
690 602 870 663 incunabula
899 622 969 679 sua,
1000 623 1093 681 quum
1118 605 1261 664 memoria
1291 605 1352 682 pri-

308 724 425 764 marum
457 706 665 766 inventionum
697 707 786 784 longo
818 708 974 768 intervallo
1003 710 1157 769 obscurata
1177 727 1212 768 ac
1238 709 1353 768 dissoni

307 827 442 870 rumores
468 809 560 870 variis
588 810 777 888 opinionibus
806 817 837 872 et
865 811 952 871 novis
981 813 1090 872 fabulis
1109 798 1208 872 locum
1230 815 1352 889 praebe·

308 918 391 989 rent,
423 932 480 974 uec
513 915 703 974 adhiberetur
732 916 769 974 ab
797 916 945 976 historicis
973 917 1048 976 haec
1070 916 1201 976 sollertia
1222 917 1352 993 philoso-

308 1019 434 1096 phandi,
464 1038 523 1097 qua
546 1038 601 1080 nos
629 1020 746 1097 ingenii
767 1022 892 1080 humani
911 1021 945 1079 in
962 1022 1052 1081 rebus
1074 1021 1264 1081 inveniendis
1285 1040 1353 1098 pro-

265 1135 299 1188 tv
310 1142 433 1200 gressus
455 1130 486 1184 et
507 1143 679 1184 mensuram
697 1125 920 1202 indagavimus,
942 1123 1108 1206 poetiquam
1131 1127 1232 1186 orbem
1254 1131 1352 1186 terrae

309 1228 401 1288 latius
424 1229 670 1307 circumspicere,
692 1235 782 1307 atque
802 1230 934 1306 plurium
948 1229 1140 1307 populorum,
1163 1231 1255 1290 simili
1268 1230 1353 1290 cultu

308 1334 388 1394 vitae
410 1335 574 1409 utentium,
601 1334 721 1394 habitus
748 1339 779 1394 et
800 1335 1032 1394 consuetudines
1055 1352 1223 1412 comparare
1246 1334 1352 1394 didici-

309 1455 386 1497 mus.
431 1436 548 1515 Quippe
584 1456 661 1498 nova
695 1439 769 1499 hacc
804 1439 859 1498 lux
892 1443 938 1499 est
969 1445 1139 1499 nostrorum
1175 1445 1352 1514 temporum,

310 1541 433 1603 Graecis
455 1547 562 1618 negata
584 1548 636 1601 aut
657 1543 807 1603 incuriose
829 1543 936 1602 hahita.
1243 1533 1248 1540 ’

397 1664 457 1724 Sed
479 1664 642 1724 commodis
660 1665 751 1724 huius
780 1665 857 1724 lucis
885 1682 1048 1742 perpaucos
1071 1683 1173 1724 eorum
1195 1665 1254 1724 frui
1276 1666 1352 1724 vidi-

309 1787 392 1843 mus,
427 1770 479 1845 qui
513 1770 629 1829 erudite
663 1770 728 1829 loca
759 1774 898 1829 veterum
929 1770 967 1828 de
999 1769 1167 1828 auctoribus
1202 1770 1353 1846 alphabeti

309 1873 415 1933 Graeci
442 1874 632 1949 collegerunt.
679 1873 744 1947 Quo
773 1873 886 1932 factum
915 1878 977 1948 est,
1007 1879 1041 1932 ut
1068 1873 1172 1933 multis
1201 1873 1354 1934 derebus

308 1979 388 2038 inter
416 1996 448 2038 se
476 1979 674 2041 dissentirent
702 1979 760 2036 viri
792 1977 977 2053 gravissimi,
1008 1982 1038 2037 et
1057 1977 1166 2054 partim
1188 1979 1353 2038 sententias

308 2100 414 2158 parum
434 2083 600 2159 probabiles
623 2088 828 2160 sequerentur.
872 2080 950 2140 Nam
964 2086 1032 2158 post
1047 2082 1199 2158 principes
1218 2082 1353 2158 vulgaris

309 2167 491 2264 dententiae,
522 2188 706 2264 Scaligcrum
736 2191 768 2246 et
790 2186 983 2262 salmasium,
1012 2205 1073 2246 non
1094 2187 1269 2262 dedierunt,
1298 2187 1352 2263 qui

308 2293 398 2352 etiam
420 2293 571 2371 aliquanto
599 2298 669 2352 ante
693 2291 838 2352 Cadmum
864 2280 1059 2366 Pelasgorum
1087 2291 1182 2350 caseis
1208 2291 1353 2368 gregibus

307 2402 370 2456 tam
400 2398 616 2473 necessariam,
651 2402 686 2456 ut
718 2396 876 2472 putabant,
908 2399 1003 2454 artem
1037 2395 1218 2470 tribuerent,
1255 2415 1351 2474 eaque

308 2501 408 2578 opinio
441 2521 540 2562 nunc·
556 2519 673 2580 quoque
707 2502 811 2561 multis
843 2501 983 2577 probatur
1004 2505 1034 2559 et
1061 2501 1184 2560 eximiis
1210 2501 1284 2560 viris
1298 2495 1351 2584 ¹¹).

308 2607 438 2667 Maxime
461 2613 563 2667 autem
584 2607 674 2683 vulgo
703 2607 848 2666 falluntur
872 2607 905 2665 in
928 2623 978 2680 eo,
1008 2605 1100 2681 quod,
1130 2623 1188 2681 quc
1217 2610 1351 2683 tempore

307 2713 439 2788 primum
466 2713 582 2772 litteras
616 2711 737 2773 Graecis
766 2712 875 2771 'allatas
905 2710 1062 2770 memorari
1091 2709 1210 2785 vident,
1247 2711 1352 2769 eodem
1438 2740 1441 2745 ·

308 2822 441 2892 tempore
460 2817 662 2877 simulusum
684 2835 787 2877 earum
808 2834 911 2875 omnes
934 2815 1075 2876 Graeciae
1105 2815 1182 2874 fines
1204 2832 1352 2891 pervaga-

264 2926 373 2982 astum
388 2941 464 2998 esse,
479 2928 511 2982 et
528 2922 613 2982 libris
628 2921 793 2981 scribendis
806 2920 990 2981 occasionem
1005 2920 1124 2978 dedisse
1140 2913 1143 3000 Ι
1161 2921 1351 2998 existimant3

308 3027 345 3086 de
367 3027 580 3086 mutationibus
614 3032 645 3086 et
667 3027 821 3102 gradibus,
854 3043 909 3102 per
939 3042 1013 3101 quos
1042 3023 1101 3082 tale
1128 3024 1286 3083 inventum
1314 3025 1352 3084 ab

396 3248 440 3314 11)
458 3247 576 3301 Boherio
603 3247 633 3300 in
655 3247 770 3300 Dissert.
794 3245 950 3299 subiuncta.
963 3243 1164 3298 Mouteialconii
1190 3237 1351 3314 Palaeogra-

306 3336 386 3405 phiae
406 3334 463 3404 (ir,
481 3333 664 3403 Wesselingio
684 3331 960 3396 admonemur.
980 3349 1005 3400 p.
1020 3330 1083 3400 236,
1101 3329 1250 3399 Swiutouo,
1269 3331 1351 3386 dach-

307 3439 384 3491 sono,
408 3422 561 3489 Biancono,
585 3421 752 3488 Monbcddo,
774 3419 880 3484 Astleo,
904 3418 1052 3486 Larchero,
1081 3417 1152 3472 aliis.
1189 3416 1353 3487 Quanquam

305 3526 340 3563 ne
358 3509 497 3564 veteribus
524 3509 634 3578 quidem
661 3508 729 3561 hacc
756 3507 846 3575 opinio
873 3506 966 3576 ignota
991 3505 1056 3572 fuit,
1083 3506 1113 3557 in
1136 3504 1234 3574 quibus
1259 3507 1352 3560 tamen

306 3597 399 3651 nullus
420 3598 573 3651 auctorest
596 3595 687 3666 gravis
712 3597 740 3648 et
762 3595 888 3660 idoneus,
915 3592 961 3662 qui
980 3592 1083 3645 incolas
1102 3591 1231 3646 Graeciae
1250 3593 1352 3648 Cadmo

306 3685 409 3753 priores
427 3684 528 3737 litteris
546 3683 591 3737 vel
618 3683 673 3737 alia
698 3682 755 3736 ulla
781 3681 889 3750 pictura
910 3696 1010 3735 vocum
1035 3695 1098 3734 usos
1116 3680 1273 3747 prodiderit.
1310 3680 1352 3734 Da

307 3771 423 3840 siugulis
442 3772 598 3825 auctoribus
618 3773 644 3823 et
659 3770 759 3824 fabulis
778 3784 911 3838 exponere
929 3784 982 3821 non
1001 3768 1043 3820 est
1059 3767 1178 3820 instituti
1193 3768 1257 3820 mei.
1331 3815 1333 3820 .
