2980 4576
317 311 368 366 152
759 301 921 364 Prole‘gomena.

317 499 434 555 sectum
467 488 670 575 legebant⁶⁸).
721 494 871 556 Nimirum
905 497 960 556 sub
992 497 1129 574 Augusto
1162 501 1194 556 01
1222 495 1358 573 proxima

317 604 429 678 aetate,
459 617 534 677 quae
558 600 616 660 cito
638 599 755 660 litteras
777 601 994 660 Alexandrinas
1021 601 1059 660 ad
1081 600 1257 661 tenuitatem
1279 619 1358 660 com·

259 714 310 770 198
318 695 506 783 penldiorum
534 703 671 780 redigere
698 709 849 782 coeperat,
886 705 1032 766 lectiones
1067 710 1098 766 et
1134 705 1358 766 emendationes

317 808 437 868 illorum
469 809 655 886 aliorumque
685 808 767 869 vario
800 810 924 870 consilio
955 795 1112 888 eiicerptae
1136 829 1154 868 a
1178 809 1281 869 multis
1302 827 1360 886 per

317 913 429 973 Lexica
451 918 482 973 et
505 914 739 974 Commentarios
759 919 790 973 et
812 914 931 975 Scholia
957 915 1213 993 dispergebantur.
1257 915 1359 992 Atque

317 1017 433 1077 utinam
454 1018 551 1077 ullum
574 1017 702 1078 existis
724 1018 826 1094 libris,
848 1020 964 1078 utinam
986 1021 1131 1080 duntaxat
1148 1010 1247 1078 'unum
1269 1018 1361 1096 Apol·

316 1123 391 1183 lonii
413 1123 546 1183 Lexicon
574 1122 727 1199 integrum
760 1123 953 1184 haberemus!
998 1124 1076 1184 Nam
1105 1123 1158 1203 qui
1187 1128 1292 1202 postea
1320 1123 1362 1182 ad
1474 1185 1475 1190 ,

317 1228 538 1305 compilandam
570 1232 718 1287 venerunt
750 1229 859 1288 minuti
892 1229 1100 1304 Grammatici3
1134 1247 1223 1306 saepe
1258 1227 1362 1288 dedita

318 1351 407 1411 opera
436 1333 649 1408 neglexerunt,
679 1333 825 1411 quidquid
855 1334 1061 1395 reconditioris
1089 1334 1240 1394 (1001111100
1269 1338 1362 1409 00001,

318 1439 382 1498 sive
405 1459 422 1498 a
442 1440 565 1516 vidgato
586 1445 673 1500 textu
696 1438 744 1499 sui
772 1439 915 1517 temporis
937 1439 1076 1500 alienum.
1123 1439 1230 1518 ltaque
1251 1438 1363 1499 accidit

317 1543 453 1620 tandem,
474 1550 509 1604 ut
531 1563 569 1605 ne
593 1545 630 1604 de
651 1544 802 1621 primariis
825 1544 947 1622 quidem
963 1545 1081 1604 (11111010
1102 1544 1177 1619 11110,
1200 1563 1362 1622 aquorum

316 1649 491 1709 auctoritate
513 1648 644 1726 primum
665 1650 715 1710 hic
736 1653 838 1709 textus
857 1654 958 1708 noster
973 1649 1118 1724 manavit,
1140 1653 1258 1708 tantum
1272 1648 1362 1709 nobis
1474 1668 1475 1726 j

317 1754 462 1831 supersit,
485 1758 631 1832 quantum
653 1754 691 1813 ad
710 1753 916 1830 cognoscenda
938 1772 1041 1813 eorum
1061 1753 1184 1830 ingenia
1203 1746 1237 1814 01
1259 1772 1362 1814 emen·
1474 1771 1475 1840 j

315 1858 405 1916 dandi
433 1863 527 1918 artem
557 1858 692 1918 sufficiat.
738 1857 803 1918 Hoc
833 1867 934 1918 autem
956 1863 1002 1918 001
1023 1859 1115 1934 illud,
1144 1857 1176 1917 in
1197 1876 1256 1936 quo
1277 1877 1361 1918 nunc
1474 1847 1475 1852 ¹

315 1962 445 2023 maxime
468 1963 618 2024 elaborare
640 1964 771 2041 cupiam,
799 1963 907 2023 0010110
938 1963 1143 2041 opportuniori
1170 1963 1234 2022 loco
1263 1981 1361 2023 reser·
1474 2035 1475 2038 Ἴ

315 2068 408 2142 vatis,
436 2087 512 2145 quae
541 2069 579 2128 ad
608 2072 775 2128 accuratam
805 2067 942 2129 notitiam
964 2068 1190 2135 Homericorum
1212 2068 1361 2145 interpre-

315 2178 380 2235 tum
402 2173 580 2250 pertineant.
1022 2151 1024 2156 ,

402 2277 462 2338 Sed
485 2278 543 2338 etsi
564 2278 639 2337 mihi
667 2278 850 2339 eruditorum
877 2278 966 2337 venia
988 2296 1063 2356 opus
1085 2266 1150 2354 est}
1176 2297 1242 2339 eam
1262 2283 1361 2338 tenta-

315 2389 382 2444 1010
411 2402 490 2458 rem,
528 2384 561 2443 in
594 2401 653 2461 qua
685 2382 912 2443 callidissimum
944 2383 1145 2444 coniectorem
1183 2383 1362 2461 saepissime

315 2488 458 2548 destituat
473 2492 589 2548 servata
604 2488 705 2548 fractis
727 2487 894 2566 lacerisque
917 2488 1027 2548 tabulis
1050 2489 1189 2564 materia,
1210 2489 1292 2548 haud
1314 2487 1360 2546 in·

315 2598 435 2670 gratum
455 2598 558 2652 tamen
573 2593 636 2653 fora
648 2594 789 2668 arbitror,
814 2593 853 2669 si,
875 2611 951 2671 quae
967 2593 1080 2671 passim
1095 2594 1240 2671 dissipata
1258 2593 1361 2653 ferun-

316 2703 381 2773 tur,
405 2697 536 2758 adhibito
546 2698 679 2776 ‘quodam
693 2698 731 2758 de
747 2697 934 2775 gravissimis
949 2699 1039 2758 rebus
1054 2698 1165 2759 iudicio
1178 2698 1216 2757 ad
1237 2699 1361 2758 brevem

403 2903 448 2970 68)
467 2904 604 2958 Videlicet
621 2903 651 2957 in
669 2903 832 2972 antiquitate
850 2904 971 2958 versanti
990 2904 1164 2974 cogitandum
1183 2919 1291 2972 semper
1309 2907 1360 2972 001,

297 2992 391 3047 -illam
410 2991 529 3046 caruisse
556 2991 592 3045 iis
617 2991 749 3046 subsidiis
767 2990 879 3045 notitiae
901 2991 1061 3058 litterariae,
1091 3007 1159 3060 quae
1186 2991 1265 3045 nobis
1292 2990 1361 3046 haec

314 3065 447 3134 bonarum
466 3078 566 3132 artium
583 3077 693 3146 publica
708 3078 759 3132 lux
777 3079 804 3131 et
823 3080 975 3132 mercatura
993 3080 1075 3146 parat.
1112 3077 1262 3145 Eustathio‚
1282 3082 1360 3147 IIap

315 3165 427 3233 εκβολὰς
447 3167 511 3220 suas
535 3164 682 3236 scripturo,
706 3164 796 3220 videri
814 3166 962 3234 potnerunt
979 3165 1082 3236 optima
1101 3180 1224 3234 quaeque
1243 3167 1270 3218 01
1289 3165 1359 3219 anti·

314 3253 447 3323 quissima
465 3251 574 3307 Scholia
593 3251 623 3305 in
641 3254 768 3321 promptu
786 3267 860 3320 esse,
881 3253 946 3306 dum
960 3251 1114 3321 antiquiora
1132 3254 1160 3306 et
1171 3251 1284 3306 meliora
1301 3252 1358 3306 cod.

312 3339 411 3394 Veneti
429 3340 551 3395 latebant
569 3341 660 3394 forsan
677 3339 708 3392 in
725 3339 829 3395 vicinia
847 3340 914 3394 eius.
950 3339 1082 3410 indagare
1100 3339 1185 3410 igitur
1202 3339 1282 3407 11001,
1306 3355 1359 3408 quo

313 3428 422 3482 saeculo
440 3426 509 3480 liber
527 3426 628 3496 aliquis
646 3429 770 3481 veterum
788 3426 902 3481 desierit
919 3427 949 3479 in
966 3426 1092 3481 manibus
1109 3426 1187 3496 vulgi
1206 3441 1358 3494 0000,11011,

314 3531 366 3584 quo
386 3530 445 3570 0000
466 3513 589 3578 desierit;
608 3515 636 3566 et
654 3515 685 3567 nt
703 3513 818 3583 quisque
835 3514 951 3583 scriptor
969 3513 1106 3569 1101101101
1123 3514 1176 3580 001,
1202 3529 1233 3567 00
1252 3512 1359 3568 facilius
1474 3531 1475 3576 1

312 3602 339 3656 01
358 3602 402 3670 id,
422 3602 493 3671 quod
512 3601 545 3655 de
562 3599 704 3656 Eustathio
725 3601 860 3669 dicabam,
880 3601 1014 3656 accidisse
1027 3601 1180 3670 putandum
1192 3602 1241 3655 est.
1277 3599 1358 3655 Ievis

311 3689 341 3743 in
362 3689 481 3758 speciem
499 3705 543 3742 res
562 3690 616 3757 001,
636 3689 684 3742 sed
703 3687 781 3743 cuius
800 3688 866 3743 olim
884 3705 984 3758 magna
996 3689 1040 3744 vis
1059 3687 1113 3741 fuit
1124 3688 1158 3744 ad
1177 3687 1264 3756 ipsam
1276 3687 1357 3742 ratio·

310 3794 374 3832 nem
392 3777 595 3832 tractandarum
612 3774 772 3830 litterarum.
