3048 4588
582 357 746 410 Prolegomena.
1153 352 1185 410 31

146 555 226 613 cere,
249 537 281 596 id
303 543 351 598 est
372 539 529 612 contrariis
550 539 709 598 momentis
732 543 763 598 et
784 525 948 598 rationibus
968 536 1092 611 elevari,
1114 536 1189 594 haec

146 643 261 718 primus
276 643 343 721 ipse
364 645 543 719 retractabo,
565 636 656 703 τὰδὲ
672 637 780 702 πάντα
795 635 871 702 θεοὶ
885 637 1072 720 μεταμώλια
1087 639 1187 700 θεῖεν.

145 747 221 806 Nam
242 753 273 808 et
293 749 371 808 nihil
398 749 431 807 in
460 749 508 808 his
530 749 653 824 litteris,
682 747 762 827 quod
784 752 887 808 contra
915 765 1104 808 communem
1126 747 1189 822 opi-

125 853 266 912 nionem
298 853 353 928 sit,
385 854 646 930 expavescendum
677 858 750 930 puto
782 871 849 914 esee
870 853 935 912 veri
968 852 1114 926 studioso,
1150 853 1188 924 et,

146 958 196 1016 ubi
217 957 342 1017 historia
363 962 443 1018 tacet
465 958 515 1017 vel
536 959 689 1033 mussitat,
718 958 860 1018 facillime
883 958 991 1036 cuique
1012 954 1188 1033 patiendum

147 1079 178 1120 se
196 1062 278 1121 vinci
299 1064 336 1122 ab
357 1063 413 1138 iia,
442 1065 494 1140 qui
512 1064 668 1122 obscuram
690 1063 799 1122 famam
822 1067 853 1122 et
871 1064 986 1122 incerta
1006 1079 1108 1121 rerum
1129 1063 1189 1119 tra-

146 1166 275 1225 ditarum
295 1167 424 1244 vestigia
445 1169 611 1228 versuticre
632 1169 770 1228 acumine
791 1167 980 1244 interpretari
1003 1167 1106 1226 sciant.
1151 1165 1190 1224 In

146 1272 200 1331 hac
222 1271 305 1331 enim
325 1273 422 1348 prima
441 1277 552 1347 aetate,
584 1273 617 1332 in
646 1291 705 1350 qua
738 1273 890 1332 Homerici
923 1277 1025 1332 tarbis
1056 1270 1189 1346 origines

146 1376 332 1453 quaerendae
347 1381 430 1451 sunt,
451 1377 505 1434 vix
523 1381 615 1435 tenue
635 1377 738 1436 lumen
753 1376 911 1454 habemus3
935 1395 993 1456 quo
1015 1382 1115 1436 tamen
1138 1381 1190 1436 aut

145 1481 241 1557 perite
271 1481 431 1564 utendum,
466 1486 518 1541 aut
546 1481 688 1558 pleraque
722 1481 867 1542 insecutis
895 1483 1079 1559 temporibus
1112 1483 1190 1541 facta

145 1604 301 1662 perperam
323 1586 489 1646 existimari
512 1604 635 1646 necesse
658 1590 713 1649 est.

626 1759 709 1824 XII.

233 1899 339 1975 Ipsum
350 1897 531 1974 ¹'ingressum
564 1899 691 1957 obstruit
724 1898 810 1957 nobis
840 1897 991 1974 proposita
1019 1917 1116 1975 nuper
1142 1900 1190 1959 vel

145 2004 246 2080 potius
275 2007 415 2062 renovata
442 2003 619 2079 gravissima
644 2003 781 2081 quaestio
811 2003 971 2080 deprimis
999 2004 1094 2064 initiis
1117 2005 1189 2063 scri-

144 2108 236 2168 bendi
259 2108 338 2185 apud
361 2107 496 2168 Graecos.
541 2106 601 2168 Sed
619 2108 698 2168 hanc
712 2107 833 2186 quidem
846 2113 882 2166 ut
895 2109 1010 2167 minore
1026 2110 1188 2168 offensione

145 2218 280 2292 repetam
302 2218 347 2288 et,
370 2213 397 2272 si
418 2217 536 2289 potero,
559 2213 729 2289 profligem,
753 2213 785 2270 in
807 2214 913 2289 primis
929 2213 1046 2272 Woodii
1058 2209 1084 2293 ⁸)
1106 2215 1189 2290 inge-

233 2407 261 2475 8)
281 2407 315 2460 ln
333 2406 546 2462 celebratissimo
563 2405 647 2461 libro:
664 2406 712 2458 Aa
730 2406 825 2475 Eaaay
842 2421 879 2459 en
895 2407 939 2460 the
952 2405 1074 2474 eripiam
1086 2405 1190 2462 Genios

145 2497 180 2562 of
193 2495 314 2560 Homer,
341 2511 395 2549 sec.
415 2495 479 2548 edit.
499 2495 576 2547 1775.
604 2495 692 2562 capite
719 2511 765 2562 ec,
795 2495 866 2564 quod
893 2498 935 2550 est
963 2495 997 2548 de
1024 2495 1143 2550 oratione
1163 2498 1191 2550 et

146 2583 270 2637 doctrina
287 2584 388 2651 politae.
424 2581 480 2650 lbi,
501 2583 532 2633 ut
549 2581 579 2634 in
596 2583 652 2635 toto
670 2581 752 2650 libro,
771 2581 850 2650 plura
868 2584 932 2635 sunt
950 2582 1019 2636 scite
1037 2585 1064 2635 et
1082 2583 1190 2653 egregie

145 2671 349 2737 animadversa,
376 2669 431 2723 nisi
451 2669 524 2737 quod
541 2669 679 2722 subtilitas
702 2669 757 2722 fere
776 2669 865 2737 deest,
895 2669 954 2723 eine
981 2686 1035 2739 qua
1060 2670 1191 2726 historica

146 2757 296 2825 disputatio
312 2756 469 2824 persuadet,
496 2771 551 2808 non
574 2756 656 2809 fidam
681 2756 752 2810 facit.
789 2755 878 2826 lgitur
894 2755 963 2809 illud
983 2759 1063 2826 caput
1079 2759 1198 2826 potissi--

143 2861 221 2896 mum
239 2859 327 2912 nuper
345 2859 362 2896 a
379 2841 503 2911 pluribus
522 2843 590 2896 viris
616 2843 702 2896 doctis
727 2843 889 2912 reprehendi
913 2846 940 2896 et
965 2843 1106 2914 vulgarem
1133 2845 1189 2914 opi-

142 2931 254 2985 nionem
266 2929 391 2984 adiuvari
403 2930 537 2997 vidimus,
550 2929 682 2999 singulari
696 2931 786 2984 studio
799 2947 816 2984 a
828 2929 1021 3000 Wiedeburgio
1034 2929 1189 2986 Humanist.

142 3017 247 3088 Magaz.
267 3017 295 3070 Τ.
308 3017 330 3070 Ι.
351 3035 376 3086 p.
389 3017 449 3070 143.
463 3033 520 3087 sqq.
540 3019 568 3071 et
585 3016 710 3071 Harlesio
728 3016 797 3071 Bibl.
819 3016 863 3070 (ir.
882 3017 986 3071 Fabric.
1004 3017 1032 3071 Τ.
1047 3017 1069 3072 Ι.
1089 3037 1114 3088 p.
1128 3020 1188 3074 353.

143 3105 266 3171 Quorum
284 3104 386 3158 iudicio
413 3120 467 3159 non
494 3105 669 3173 praetulerim
688 3121 780 3159 eorum
798 3103 952 3172 levitatem,
981 3105 1028 3174 qui
1055 3106 1190 3176 ingeniosi

142 3193 227 3262 Angli
255 3192 434 3260 sententiam,
468 3207 531 3260 eeu,
564 3195 594 3245 ut
620 3193 680 3261 ipse
708 3192 789 3260 dicit,
821 3192 1003 3246 coniecturam
1030 3193 1191 3262 simpliciter

142 3281 326 3348 repetierimt,
353 3279 399 3332 vel
426 3280 455 3332 iu
480 3295 540 3334 eam
558 3279 641 3334 ablati
665 3282 730 3334 sunt
747 3279 863 3348 propriis
882 3281 1032 3350 erroribuS,
1060 3284 1190 3351 tanquam

143 3370 240 3420 auctor
259 3365 360 3420 libelli:
382 3364 555 3432 Oorq'ectural
574 3365 766 3420 Observatum
790 3381 827 3418 oa
850 3366 894 3418 aba
920 3365 1017 3435 Oripia
1039 3367 1098 3420 aad
1121 3368 1189 3421 Pro-

141 3468 219 3520 gresa
238 3454 273 3520 of
287 3451 443 3520 alphabettc
460 3453 570 3522 wmtrbp
587 3473 612 3522 p.
632 3455 674 3510 99.
711 3453 872 3523 Quanquam
890 3455 935 3508 hic
954 3458 1040 3509 artem
1052 3457 1190 3510 scribendi

143 3545 251 3595 tantum
271 3542 387 3595 heroum
404 3539 611 3596 Homericorum
630 3541 752 3608 sacerdo,
770 3560 824 3597 non
841 3543 958 3597 Homero
978 3545 1100 3612 ereptum
1117 3545 1189 3613 ibat3

144 3628 192 3682 ille
210 3645 272 3683 eam
289 3630 400 3682 tandem
418 3630 480 3683 circ.
495 3629 554 3684 554.
574 3646 598 3684 a.
612 3630 674 3684 Chr.
687 3630 867 3700 vulgatiorem
885 3631 984 3685 factam
997 3645 1057 3685 esse
1069 3633 1189 3701 putabat.

144 3715 230 3770 Docte
249 3719 342 3772 autem
360 3719 441 3786 atque
453 3717 589 3787 eleganter
600 3717 709 3772 Woodii
727 3721 886 3788 argumenta
904 3719 1059 3788 percensuit
1077 3737 1108 3775 ac
1121 3737 1191 3776 novo

146 3805 270 3859 acumine
283 3804 405 3857 defendit
422 3805 599 3873 philosophus
617 3804 764 3874 litterator,
782 3805 933 3876 Marianus,
951 3807 981 3859 in
993 3807 1191 3864 Dissertatione
