2980 4576
235 827 286 882 134

294 373 346 428 102
731 374 895 426 Prolegomena.

293 555 386 616 obelis
414 561 445 615 et
477 557 736 617 emendationibus
767 557 831 616 suis
864 556 901 616 ad
932 556 1067 616 ordinem
1090 560 1122 616 et
1150 555 1339 614 concordiam

293 661 429 738 redigere
451 663 548 722 conati
572 657 704 743 1111199).

744 837 884 904 XXXI.

379 991 512 1052 Fuerunt
533 991 691 1068 aliquando
714 991 896 1068 philosophi,
920 991 971 1067 qui
989 991 1067 1049 hane
1082 990 1215 1048 omnimn
1236 1007 1343 1048 rerum

292 1114 326 1155 ao
348 1114 504 1172 corporum
526 1081 699 1172 compagem
728 1102 758 1156 et
786 1096 1012 1155 universitatem
1035 1113 1095 1154 non
1117 1098 1218 1154 mente
1239 1095 1342 1152 numi-

203 1223 206 1233 ·
292 1218 389 1279 neque
411 1201 514 1260 divino
536 1201 658 1276 factam,
692 1201 745 1260 sed
775 1201 850 1260 forte
881 1205 912 1260 et
940 1218 1012 1260 casu
1034 1204 1134 1258 natam
1156 1203 1245 1276 atque
1267 1218 1342 1258 oon-

292 1309 404 1366 cretam
437 1323 504 1366 esse
537 1309 708 1366 statuerent.
754 1304 823 1364 Non
850 1311 965 1380 metuo,
999 1324 1038 1364 ne
1068 1305 1135 1382 quis
1157 1323 1206 1364 me
1229 1304 1342 1363 similis

291 1409 468 1470 temeritatis
490 1415 624 1485 accuset,
654 1429 747 1488 quum
769 1410 907 1486 vestigiis
935 1410 1111 1469 artificiosae
1133 1409 1283 1485 compagis
1306 1414 1343 1468 et

292 1514 360 1574 aliis
383 1515 524 1590 gravibus
546 1515 645 1574 causis
667 1515 812 1590 adducar,
842 1520 877 1574 ut
905 1515 1069 1574 Homerum
1098 1532 1158 1572 non
1182 1514 1341 1573 universo-

291 1639 359 1679 rum
382 1620 467 1697 quasi
490 1638 646 1696 oorporum
668 1638 791 1679 suorum
806 1621 943 1696 opificem
966 1637 1046 1693 esse,
1070 1619 1122 1679 sed
1145 1619 1222 1677 hanc
1241 1622 1348 1676 artem'
1452 1637 1457 1646 ·

292 1728 323 1784 11
346 1729 526 1788 structuram
547 1725 761 1801 posterioribus
776 1725 905 1785 saeculis
928 1725 1055 1784 inditam
1074 1729 1185 1800 putem.
1230 1721 1341 1800 Neque

293 1830 373 1889 enim
392 1831 423 1889 id
450 1835 572 1907 repente
599 1832 720 1891 fortuito
748 1832 876 1905 factum,
906 1848 1013 1889 verum
1041 1830 1200 1888 coniuncta
1230 1829 1262 1887 11
1281 1828 1344 1887 hoc

291 1934 424 2013 plurium
447 1940 578 1995 aetatum
600 1937 815 2013 hominumque
838 1936 937 1995 studia
959 1935 1133 2010 reperimus.
1179 1933 1220 1992 Ut
1237 1937 1343 1992 autem

380 2174 424 2240 99)
443 2174 645 2243 Nonnunquam
668 2175 760 2228 minus
784 2174 900 2229 feliciter
918 2172 964 2226 vel
987 2173 1148 2227 constanter.
1185 2171 1269 2224 Utin
1288 2170 1342 2224 illo

292 2262 469 2331 Pylaemene,
493 2261 549 2316 filio
567 2261 727 2330 Harpalioni
743 2262 773 2314 in
791 2263 873 2314 funus
892 2261 1041 2330 prodeunte
1057 2260 1090 2313 Il.
1109 2278 1132 2312 ν.
1152 2257 1225 2328 658,
1252 2274 1341 2326 quum

292 2349 351 2418 ipse
375 2350 482 2404 occisus
501 2351 573 2404 esset
591 2368 612 2402 ε.
636 2348 695 2403 578.
732 2349 773 2402 De
795 2365 847 2418 quo
869 2349 947 2403 nobis
973 2347 1064 2417 plures
1086 2348 1204 2403 rationes
1228 2346 1342 2399 illorum

292 2439 436 2509 propinant
453 2437 552 2492 Scholl.
572 2439 599 2490 et
617 2437 692 2490 Eust.
729 2437 830 2490 Earum
848 2435 937 2503 nulla,
961 2436 985 2490 si
1004 2435 1070 2503 quid
1087 2435 1179 2502 video,
1204 2450 1269 2488 vera
1287 2437 1341 2494 est,

291 2543 346 2580 una
363 2526 442 2594 longe
460 2525 643 2594 ineptissima,
668 2539 721 2591 qua
740 2524 896 2593 corrigitur,
919 2523 990 2591 μετὰ
1009 2522 1033 2573 ‹l'
1054 2524 1088 2573 ot
1106 2535 1160 2589 σφι
1178 2521 1268 2590 πατὴρ
1285 2525 1339 2575 κίε.

291 2614 369 2667 Hanc
396 2614 487 2666 tamen
508 2611 589 2665 Barn.
608 2611 715 2664 ornavit
741 2611 847 2680 proprio
876 2611 1020 2664 versiculo.
1058 2608 1114 2662 Alii
1141 2625 1228 2676 nuper
1245 2609 1340 2676 ipsum

291 2701 396 2768 poetam
415 2697 560 2752 oblivionis
580 2697 754 2752 accusabant:
783 2699 854 2766 quod
873 2699 1055 2751 commentum
1074 2695 1157 2764 nulli,
1176 2698 1254 2764 puto,
1273 2696 1339 2749 1111-

292 2787 462 2840 starchorum
480 2787 603 2840 veterum
621 2785 764 2853 probatum
789 2785 892 2839 fuisset.
929 2785 1000 2838 Nam
1027 2784 1097 2838 alius
1117 2783 1227 2852 quidem
1246 2784 1275 2836 in
1293 2783 1341 2837 his

291 2874 373 2928 rebus
392 2873 473 2927 aliam
491 2873 604 2941 famam,
631 2874 677 2927 aut
696 2873 769 2925 idem
786 2872 815 2925 in
834 2871 950 2926 diversis
974 2871 1083 2939 scriptis
1102 2870 1238 2926 diversam
1259 2873 1341 2939 sequi

291 2964 392 3031 potest,
422 2977 476 3014 non
502 2961 575 3015 idem
600 2961 629 3014 in
657 2961 751 3015 eadem
769 2961 888 3028 1111111,
915 2961 942 3012 11
965 2959 1075 3028 quidem
1097 2958 1175 3012 brevi
1193 2959 1341 3014 intervallo

292 3050 373 3104 unius
392 3049 489 3117 operis.
526 3048 649 3117 Denique
668 3049 722 3102 tale
741 3049 807 3117 quid
826 3047 951 3101 excidere
968 3048 1056 3116 potest
1074 3047 1217 3100 recentiori
1236 3049 1340 3116 poetae,
1371 3073 1376 3076 ·

291 3137 396 3191 fabulas
415 3152 523 3204 operose
542 3135 692 3205 colligenti,
712 3152 765 3190 non
785 3134 885 3202 ἀοιδῷ,
905 3134 952 3202 qui
970 3133 1000 3186 in
1018 3134 1069 3187 hac
1087 3133 1209 3187 doctrina
1225 3133 1340 3188 habitat.

291 3224 390 3278 Melius
420 3225 493 3277 certe
521 3223 586 3276 olim
613 3222 723 3291 quidam
741 3225 886 3291 utrumque
911 3237 1021 3275 versum
1039 3220 1243 3289 expungebant,
1270 3237 1340 3289 quae

291 3311 454 3365 brevissima
472 3327 536 3364 sane
553 3310 599 3363 via
624 3313 665 3364 est
691 3311 725 3363 ad
745 3327 852 3364 omnem
871 3308 1080 3377 discrepantiam
1104 3309 1131 3360 et
1150 3307 1339 3361 difficultatem

291 3398 447 3452 tollendam.
483 3397 553 3450 Aliis
579 3413 644 3451 vero
671 3397 738 3451 locis
764 3397 827 3450 illos
854 3397 912 3450 sive
939 3395 1045 3450 incuria
1063 3393 1122 3448 sive
1140 3409 1224 3461 prava
1243 3393 1339 3464 religio

292 3485 435 3552 deterruit,
465 3500 517 3553 quo
543 3483 634 3538 minus
663 3484 753 3539 omnia
777 3485 920 3552 eiicerent,
948 3499 1016 3552 quae
1043 3499 1133 3535 rerum
1160 3486 1340 3536 summumst

292 3571 462 3641 aequabilem
488 3575 609 3626 tenorem
635 3572 782 3626 turbarent.
819 3573 869 3641 Ut,
897 3589 931 3624 ne
960 3571 1014 3626 alia
1032 3586 1104 3622 nunc
1123 3585 1281 3639 congeram,
1309 3569 1339 3622 in

291 3661 351 3729 ipsa
369 3660 565 3730 chorographia
589 3661 646 3730 agri
669 3660 775 3715 rlroiani
794 3660 897 3729 aliquid
920 3659 1047 3713 relictum
1072 3661 1114 3712 est
1132 3658 1336 3726 discrepantiae,

290 3764 341 3801 neo
359 3748 496 3802 sublatum
515 3749 547 3802 ab
567 3747 642 3815 istis,
667 3747 745 3802 cuius
770 3765 851 3802 causa
865 3746 978 3802 nemini
997 3747 1090 3800 auctor
1109 3745 1174 3815 sim,
1199 3747 1231 3798 ut
1250 3747 1336 3800 denuo

290 3835 401 3905 longum
419 3835 470 3888 iter
489 3835 629 3903 suscipiat.
