2980 4576
288 357 323 412 98
727 356 892 409 Prolegomena.

289 538 349 597 nisi
383 542 522 617 exempla
552 541 684 616 priorum
716 545 884 617 temporum
922 546 990 600 ante
1029 541 1129 600 oculos
1167 540 1337 599 habuisset!

289 642 452 719 culpamus
472 646 593 721 quidem
608 664 693 719 cum,
716 650 859 723 tanquam
873 647 979 705 rudem
995 651 1239 723 praeceptorum,
1260 663 1339 722 quae

288 766 370 808 nunc
391 751 478 825 pueri
508 769 547 810 ex
567 751 721 810 Batteusio
744 751 878 811 discunt:
913 770 987 810 num
1009 753 1109 810 minus
1137 752 1338 827 culparemus

290 853 316 911 si
339 855 414 912 10119
436 855 531 914 Iliada
565 856 598 914 in
625 857 723 915 reditu
753 857 879 915 Achillis
912 857 1044 928 finitam,
1076 861 1165 932 atque
1198 855 1269 914 inde
1298 855 1338 912 ad

288 958 427 1018 Hectoris
457 961 548 1019 funus
578 963 614 1020 ab
644 961 695 1019 illo
723 962 892 1038 suppletam
919 963 1119 1020 haberemus?
1163 962 1339 1020 Accommo-

290 1065 360 1124 dare
382 1071 413 1123 et
436 1065 617 1142 subiungere
637 1084 669 1125 sc
691 1068 780 1125 rebus
804 1067 861 1126 scit
875 1067 1064 1142 philosophia
1082 1067 1172 1140 artiS,
1194 1083 1254 1124 1101
1270 1083 1339 1123 raro

290 1170 381 1228 etiam
400 1171 540 1230 fortuitis.
587 1171 762 1247 Catalogum
792 1172 944 1248 copiarum
971 1172 997 1230 si
1026 1189 1087 1230 non
1109 1171 1277 1245 legeremus
1300 1169 1338 1226 Il.

231 1271 281 1325 129
290 1273 332 1349 B,
355 1275 407 1333 illa
429 1274 522 1348 nihil,
544 1279 631 1351 puto,
656 1275 800 1335 omissum
819 1279 1009 1353 quereretur3
1032 1271 1167 1357 forlsitan
1180 1274 1254 1332 adeo
1268 1292 1340 1332 eam

288 1385 404 1454 pmtem
426 1381 574 1455 historici,
603 1400 663 1439 non
691 1386 796 1456 potitae
826 1399 894 1440 esse
923 1382 1089 1454 docuisset,
1117 1379 1340 1455 1idendumque

289 1503 371 1554 esse,
394 1487 446 1563 qui
461 1488 585 1545 heroum
599 1487 736 1546 notitiam
750 1488 862 1564 absque
884 1505 920 1545 ea
935 1505 1070 1545 mancam
1085 1485 1271 1544 existimaret
1284 1479 1339 1564 98).

753 1633 875 1698 XXX.

376 1756 416 1813 Α1
437 1756 510 1815 h‘cet
531 1761 667 1815 veterum
690 1757 826 1834 plerique
848 1757 1008 1815 artificium
1024 1761 1190 1815 structurae
1212 1760 1243 1814 et
1255 1772 1340 1813 com-

288 1860 446 1935 positionis
477 1861 650 1920 Carminum
681 1861 907 1921 Homerioorum
939 1862 990 1920 vel
1016 1862 1146 1921 assecuti
1174 1879 1234 1919 non
1264 1860 1339 1934 sint,

289 1966 340 2024 vel
372 1967 473 2025 minus
506 1971 657 2042 accurate,
695 1985 784 2044 quam
817 1967 906 2026 hodie
941 1967 1087 2039 solemus,
1125 1965 1339 2039 existimarint,

264 2077 268 2082 '
290 2075 390 2129 tamen
413 2072 486 2147 quin
508 2072 583 2130 insit
603 2073 636 2130 in
659 2072 697 2131 iis
719 2072 854 2149 aliquod,
879 2072 1008 2130 dubitari
1028 2071 1111 2130 nullo
1126 2076 1212 2147 pacto
1228 2074 1339 2147 potest.

291 2175 344 2235 Sin
366 2181 467 2235 autem
497 2176 682 2252 dubitamus,
711 2177 874 2236 Homerine
901 2177 933 2235 id
957 2177 1009 2251 sit,
1040 2195 1079 2235 an
1102 2177 1138 2235 ab
1160 2175 1229 2234 ah'is
1251 2175 1339 2249 inge-

290 2280 366 2355 niis,
400 2281 546 2340 invitante
579 2282 645 2359 ipso
679 2287 854 2358 argumento
881 2300 983 2341 eorum
1015 2287 1045 2342 91
1073 2281 1176 2340 ordine
1206 2279 1337 2353 fabulae,

290 2386 451 2461 adscitum,
485 2388 619 2464 quaestio
653 2388 727 2446 haec
755 2393 802 2446 est
824 2388 985 2461 eiusmodi,
1018 2388 1052 2444 in
1074 2405 1133 2463 qua
1154 2404 1227 2459 non,
1262 2383 1339 2460 quid

291 2491 417 2567 poeticis
439 2491 557 2567 legibus
580 2497 814 2552 consentaneum
836 2497 888 2550 aut
909 2496 1013 2567 potatae
1032 2491 1228 2549 honorificum
1250 2492 1339 2563 pute-

291 2614 373 2670 mus,
407 2597 603 2672 spectandum
637 2597 691 2672 sit,
726 2597 779 2656 sed
813 2597 885 2674 quid
915 2615 954 2656 ex
983 2596 1132 2655 historicis
1162 2600 1192 2653 et
1222 2593 1338 2654 criticis

291 2701 456 2760 rationibus
468 2702 631 2762 verisimile
644 2720 711 2761 esse
726 2703 872 2761 videatiu.
917 2701 1016 2760 Etiam
1038 2702 1115 2760 hanc
1129 2700 1339 2778 quaestionem

291 2824 368 2882 pono
390 2811 522 2879 tantum,
551 2826 611 2866 non
629 2812 790 2884 pertracto:
821 2812 869 2867 est
891 2806 972 2866 enim
996 2807 1161 2866 immensae
1184 2804 1337 2877 materiae,

292 2927 349 2970 1190
368 2912 536 2971 necessaria
556 2913 707 2988 proposito
730 2916 839 2972 nostro.
884 2912 1011 2971 Interim
1030 2912 1105 2970 duae
1126 2928 1176 2970 res
1197 2909 1249 2968 hic
1263 2925 1337 2985 pau-

292 3017 336 3076 cis
358 3017 550 3093 attingendae
571 3023 655 3092 sunt,
686 3036 762 3095 quae
781 3017 830 3076 vel
858 3017 937 3080 solae
960 3016 1161 3094 suspicionem
1182 3013 1338 3090 compagis

291 3121 428 3180 manibus
451 3122 557 3181 alienis
579 3124 673 3181 factae
695 3122 728 3180 in
748 3127 874 3200 utroque
898 3121 1036 3181 Carmine
1058 3123 1272 3180 commoveant.

378 3282 423 3348 96)
441 3281 494 3336 Hic
512 3282 590 3335 nobis
617 3281 647 3334 11
673 3284 790 3336 mentem
814 3282 890 3335 venit
913 3283 1131 3350 argumentorum
1149 3278 1337 3345 ridiculorum,

292 3386 353 3437 scu,
370 3371 402 3423 nt
420 3368 487 3422 Gall.
498 3369 548 3437 HI,
564 3370 605 3421 11.
624 3370 674 3436 ait,
694 3367 840 3420 admodum
859 3368 970 3432 leniam,
988 3384 1036 3435 per
1055 3383 1123 3434 quae
1133 3364 1227 3419 Attius
1246 3367 1337 3419 osten-

292 3458 333 3511 dit
356 3457 508 3510 Hesiodum
535 3457 652 3510 Homero
679 3459 745 3510 natu
770 3455 894 3524 priorem.
945 3453 1023 3522 Quod
1051 3453 1206 3520 Homerus,
1237 3452 1335 3522 inquit,

291 3558 376 3610 quam
401 3542 432 3596 im
457 3543 593 3610 prmcipa‘c
615 3542 753 3596 Garma'm's
777 3542 908 3596 Achillam
934 3556 992 3594 csse
1017 3542 1106 3608 filiam
1124 3540 1199 3593 Pelei
1226 3539 1338 3606 diceret,

292 3630 353 3698 qm's
371 3637 439 3684 esset
456 3630 566 3699 Peleus,
590 3646 646 3683 mom
664 3629 786 3683 addidit:
811 3646 895 3697 qaam
913 3645 970 3682 rem
984 3629 1084 3697 promd
1107 3627 1189 3679 dachic
1211 3625 1339 3693 didisset,

292 3717 349 3770 adsi
374 3719 409 3770 ab
435 3717 558 3771 Hesiodo
584 3717 643 3769 iam
668 3716 770 3770 dictam
788 3717 898 3770 adderet
923 3719 973 3771 etc.
1008 3717 1083 3770 Haec
1109 3715 1243 3784 quomodo
1269 3713 1337 3766 illuc

292 3807 457 3874 pertineant,
476 3805 664 3875 unusquisque
680 3805 762 3859 videt.
