2980 4576
549 389 711 441 prolegomene
794 331 800 360 κ
1102 391 1152 444 197

197 571 263 630 iam
287 571 325 632 de
353 590 386 632 re
417 571 483 650 ipsa
504 589 592 631 nemo
615 572 800 649 exspectabit
821 551 1013 649 utpluribus
1034 573 1217 633 demon-254

110 680 217 750 suem,
254 675 373 736 obelum
407 678 444 737 ab
472 676 644 737 Aristarcho
671 695 733 736 non
762 681 823 736 tam
853 677 892 737 iis
923 677 1059 737 versibus
1089 695 1156 738 esse

108 780 326 858 praepositum,
358 799 433 859 quos
462 781 598 841 erederet
628 779 749 842 Homeri
781 800 843 842 non
876 799 956 855 esse,
988 800 1077 860 quam
1108 782 1156 842 liis

12 897 14 960 3
108 885 262 960 omnibus,
292 887 344 963 qui
372 886 401 946 ei
422 885 599 946 viderentur
627 886 713 962 digni
734 886 968 964 reprehensione
995 886 1156 964 minusque

12 965 13 1020 Γ
107 989 194 1066 digni
222 989 287 1049 1000
318 1007 372 1050 suo
399 990 448 1050 vu
477 989 698 1050 absolutissima
729 995 793 1051 ara
819 990 965 1069 principis
992 994 1156 1067 1666111.

12 1111 14 1128 ’
106 1096 153 1155 Αο
181 1093 258 1153 milri
286 1095 409 1172 quidem
429 1095 480 1155 hie
500 1095 646 1172 posterior
667 1113 742 1155 usus
771 1095 850 1156 obeli
878 1095 999 1155 videtur
1021 1099 1156 1172 tempore

12 1255 14 1288 ξ
106 1199 226 1276 primus
248 1202 279 1259 et
302 1199 518 1275 signifioetiene
544 1200 674 1260 maxime
689 1200 829 1277 proprius
844 1199 947 1260 fuisse.
981 1198 1157 1277 Quanquam

12 1291 13 1348 ἶ
107 1304 192 1364 enim
213 1305 261 1363 vir
280 1304 332 1364 ille
354 1323 423 1365 oum
443 1305 615 1366 deotissime
637 1323 754 1383 quoque
777 1304 948 1383 aequalium
969 1308 1156 1381 cognoverat,

12 1401 13 1434 l
107 1426 216 1469 versus
237 1401 558 1492 παρεμβεβλημένους
579 1411 612 1469 11
635 1411 744 1487 priseis
766 1411 885 1470 vatibus
908 1409 969 1486 legi
983 1428 1074 1487 quem
1089 1409 1155 1487 plu·

107 1515 215 1588 simeo,
245 1519 275 1574 et
303 1514 540 1593 interpolationis
562 1514 653 1576 huius
675 1516 774 1575 fontes
796 1533 889 1592 prope
911 1534 972 1574 une
996 1533 1066 1574 eum
1087 1513 1156 1574 Car-

12 1645 14 1672 :
107 1619 242 1679 minibus
256 1619 331 1696 ipsis
345 1621 530 1697 prorupisse,
545 1625 646 1680 tamen
661 1639 736 1696 non,
752 1621 824 1698 quid
842 1621 985 1680 oeeinen't
999 1619 1156 1694 Homerus,
1215 1679 1219 1686 ,

109 1724 163 1784 sed
178 1724 252 1801 quid
266 1742 373 1784 canere
388 1724 539 1799 debuerit,
557 1730 693 1801 spectare
706 1725 810 1784 debuit
825 1725 1045 1784 emendaturus.
1079 1723 1157 1784 Nam

109 1828 136 1888 61
159 1846 200 1888 ex
221 1829 273 1903 iis,
301 1847 378 1906 quae
406 1829 549 1889 haetenus
571 1829 651 1889 dieta
680 1834 764 1904 sunt,
796 1829 941 1905 capienda
970 1828 1086 1905 speeies
1109 1832 1158 1888 est

86 1933 246 2018 'veterum
267 1933 415 2009 eodieum,
439 1951 513 2011 quos
535 1934 587 1994 ille
610 1933 793 2008 adhibuerit,
815 1933 838 1992 ii
857 1933 891 1992 in
904 1932 999 1994 iliade
1014 1937 1046 1992 et
1060 1930 1155 2008 Odys·

12 2053 13 2114 l
110 2055 161 2097 666
182 2038 263 2098 11161
285 2055 317 2098 66
344 2031 347 2117 l
371 2038 452 2098 haud
474 2039 575 2098 minus
597 2039 819 2113 dissenserunt,
846 2055 905 2116 que
926 2037 1156 2098 eonformatione
1165 2050 1215 2105 255

12 2139 14 2220 ζ
109 2148 139 2202 61
165 2147 227 2202 toto
249 2143 353 2202 habitu
375 2143 561 2220 singularum
591 2135 735 2220 partium,
764 2161 823 2220 qua
853 2161 977 2202 numero
1006 2159 1156 2217 versuum,

109 2266 199 2324 quam
230 2247 348 2308 oodioes
380 2248 728 2324 Batraehomyomaolriae
765 2247 822 2309 hoo
857 2247 975 2308 saeoulo
1014 2246 1156 2322 eongesti,

110 2371 179 2412 oum
209 2352 326 2429 vulgari
354 2357 449 2412 textu.
492 2352 555 2414 Hos
577 2358 699 2428 exerte,
728 2370 851 2430 quaeso,
882 2357 914 2413 61
939 2351 1090 2428 experire,
1117 2369 1156 2410 an

109 2458 292 2534 poematium
314 2458 480 2519 extrmdere
511 2477 552 2518 ex
573 2459 612 2520 116
634 2458 747 2536 possis,
777 2457 864 2536 quale
892 2457 985 2516 fuerit
1010 2456 1163 2533 primuml·

110 2561 187 2622 Tum
201 2562 293 2622 etiam
307 2562 383 2622 illud
397 2563 575 2640 cogitemus,
598 2563 771 2624 iuveniliter
784 2561 901 2622 ludenti
916 2561 1039 2639 populo,
1062 2579 1155 2638 quan·

13 2659 14 2662 ’
110 2666 223 2726 tumvis
236 2671 337 2742 aeuto,
360 2668 533 2744 eontingere
548 2686 609 2727 non
632 2667 727 2728 solere
750 2666 939 2728 ooniunetam
960 2665 1065 2725 iudioii
1087 2665 1156 2724 sub·

14 2749 16 2860 [
111 2771 251 2830 tilitatem
272 2789 342 2832 oum
364 2771 466 2832 divina
487 2773 604 2849 ingenii
625 2773 657 2831 vi
678 2791 713 2832 ao
735 2765 910 2850 spiritum),
937 2770 1049 2848 ubique
1072 2774 1156 2830 vates

14 2869 15 2940 3
111 2875 206 2935 fuisse
226 2875 398 2952 ingeniosos
415 2883 485 2938 ante
499 2881 595 2937 artem
611 2877 763 2938 sollertius
777 2876 956 2955 perculiam,
978 2880 1068 2953 etque
1082 2875 1156 2934 adeo

14 2999 15 3002 ¹
111 2981 274 3057 plurimum
295 2982 439 3059 polluisse
461 2963 527 3042 sine
549 2983 610 3042 illa.
655 2981 732 3042 Nolo
753 2980 917 3041 Homerum
938 2981 958 3040 i.
982 2998 1007 3039 e.
1034 2981 1157 3057 antiqua

112 3086 251 3146 Carmina
272 3085 379 3146 Ionum
401 3106 572 3164 comparare
595 3106 665 3147 eum
685 3085 805 3148 Ossiani
820 3085 1009 3146 Carminibus
1024 3084 1155 3160 Celticis

113 3210 187 3270 quae
202 3197 303 3251 tamen
321 3210 378 3252 neo
399 3193 490 3254 unius
512 3193 618 3252 aetatis
640 3211 698 3253 neo
720 3192 852 3268 genuina
864 3191 951 3250 nobis
965 3189 1074 3249 tradita
1087 3206 1155 3250 esse

112 3301 197 3373 puto:
228 3298 283 3358 sed
304 3297 341 3358 de
364 3297 482 3359 Ariosto
504 3303 536 3359 61
555 3297 769 3375 Shalrespeario
791 3315 880 3357 nemo
898 3295 940 3355 ita
960 3295 1100 3369 senserit,
1122 3299 1157 3354 ut

113 3497 130 3550 1.
151 3514 174 3551 e.
200 3498 373 3568 ἐξῃρημένων.
408 3497 542 3554 Putabam
567 3499 724 3568 aliquando,
748 3498 778 3553 id
802 3497 937 3566 pertinere
961 3497 996 3550 ad
1014 3494 1110 3564 Odyss.
1129 3493 1155 3549 δ.

113 3583 270 3639 eoo—569.
307 3584 388 3640 Nune
406 3587 513 3654 opinor,
531 3584 622 3639 locum
638 3601 692 3640 non
710 3601 770 3640 esse
788 3584 818 3638 11
835 3583 951 3639 Homero
969 3583 1068 3637 nostro,

199 3670 244 3738 40)
271 3670 363 3741 Longe
390 3672 443 3728 alia
470 3675 543 3728 66166
571 3672 696 3740 producit
722 3673 879 3741 scriptores,
906 3670 964 3740 pari
992 3668 1156 3724 excellentes

113 3759 219 3828 ingenio
239 3761 267 3813 61
286 3761 356 3826 arte,
379 3776 494 3830 eosque,
518 3759 579 3829 qui,
603 3757 675 3812 11111
688 3763 816 3826 peceant,
839 3756 896 3812 uisi
917 3756 990 3824 quod
1006 3755 1155 3824 111111160-

114 3850 190 3912 0011,
208 3849 241 3900 11
258 3849 320 3915 apte
337 3847 409 3901 Plin.
429 3847 468 3902 ait
483 3847 550 3917 pr.
566 3847 606 3901 IV
625 3846 705 3916 [corr.
723 3847 790 3916 lX],
809 3847 850 3901 26.
