2980 4576
569 347 733 400 Prolegorncna.

131 529 262 599 anulino,
287 536 390 607 utpote
404 529 585 590 concubinas
600 547 770 608 procorum:
794 549 972 607 omnemque
986 531 1085 589 locum
1108 530 1173 589 sine

130 632 193 691 ulla
226 634 421 694 haesitatione
451 635 487 693 ad
518 617 618 693 aulam
653 634 772 709 Ulyssis
805 636 908 710 refert,
944 653 1005 692 non
1038 633 1174 693 Menelai.

130 737 271 815 Plerique
301 744 403 799 contra
430 739 612 799 recentiores
639 739 738 816 Intpp.
761 757 821 798 non
843 739 885 798 ita
907 739 994 799 facile
1018 757 1051 798 se
1071 757 1089 796 6
1111 737 1173 796 Μ6-

130 843 217 901 116166
239 844 345 903 abduci
366 845 527 920 patiuntur.
573 845 610 903 In
641 845 749 922 quibus
776 844 938 903 Barnesius
966 845 1110 918 humane,
1140 847 1175 901 ut

129 948 186 1022 ait,
208 948 327 1024 lapsum
349 950 495 1009 condonat
507 949 678 1024 Eustathio,
701 967 791 1027 quem
808 949 946 1027 equidem
966 949 995 1008 in
1018 965 1071 1008 sua
1086 965 1175 1023 opera

129 1053 311 1130 compilandi
330 1072 369 1114 ne
399 1055 458 1114 labi
488 1055 610 1132 quidem
636 1054 690 1114 tali
711 1055 798 1114 modo
825 1054 959 1130 potuisse
982 1053 1083 1129 eredo;
1108 1051 1173 1127 ipse

130 1177 201 1218 vero
225 1151 358 1233 ἀλόχους
387 1178 488 1218 uxores
518 1160 619 1220 nescio
650 1178 724 1237 quas
743 1160 866 1233 filiorum
890 1159 1013 1216 Mmlai
1032 1161 1058 1215 ot
1077 1157 1174 1215 6111166-

129 1284 192 1322 rum
215 1263 340 1342 accipit,
360 1265 398 1324 de
421 1265 514 1325 altero
537 1265 678 1324 vocabulo
701 1269 787 1324 tacet.
832 1263 969 1336 Decetia,
994 1263 1027 1321 in
1050 1267 1175 1338 utroque

128 1368 326 1428 Eustathium
349 1388 491 1446 sequens,
513 1375 613 1429 tamen
636 1370 754 1446 etipsa
775 1368 873 1429 adhuc
892 1367 1014 1445 Spartae
1036 1373 1175 1426 moratur.

129 1475 175 1533 Ac
195 1473 296 1533 forsan
319 1475 373 1534 hos
396 1479 427 1534 et
449 1475 523 1534 alios
538 1474 640 1551 plures
662 1474 737 1533 illud
752 1474 861 1547 movit,
883 1491 981 1550 neque
998 1473 1063 1531 sine
1078 1488 1175 1545 causa,

129 1579 209 1655 quod
233 1576 329 1650 θεῖος
349 1573 501 1656 βασιλεὺς
530 1580 563 1638 111
593 1579 649 1638 hcc
678 1583 820 1639 contextu
849 1579 891 1637 116
912 1578 1026 1637 dictum
1048 1577 1175 1649 videtur,

129 1687 164 1741 ut
187 1683 297 1761 aliquis
316 1685 353 1742 ab
369 1684 479 1760 Ulysse
501 1683 677 1744 nominatim
692 1684 840 1760 appellato
862 1681 1070 1758 distinguatur.
1116 1680 1175 1741 Sed

129 1806 235 1847 rursus
255 1783 341 1871 μῆλα
364 1781 453 1868 ἄγειν
474 1790 507 1848 in
530 1789 703 1848 memoriam
734 1792 852 1848 revocat
873 1805 990 1866 procos,
1019 1777 1083 1845 αἰεὶ
1105 1779 1175 1868 μῆλ’

131 1886 227 1952 ἀδινὰ
251 1887 446 1976 codicariae,
478 1894 633 1972 servisque
655 1893 703 1953 vel
723 1893 856 1969 famulis,
890 1910 1012 1953 coenam
1033 1910 1176 1968 apparan-

131 1999 230 2073 tibus,
257 1998 317 2075 ipsi
345 1997 519 2080 μνηστῆρες
540 2019 567 2058 v.
593 2001 664 2059 625.
695 2000 771 2058 bene
800 1999 895 2058 iuncti
923 1997 1020 2057 videri
1042 2001 1175 2072 possunt.

130 2106 173 2162 At
195 2103 341 2181 quidquid
368 2104 474 2162 horum
503 2122 609 2163 verum
635 2108 698 2178 est,
722 2109 753 2163 et
783 2104 888 2163 ubiubi
917 2105 952 2161 fit
980 2101 1116 2161 transitio
1138 2102 1177 2160 ad

130 2227 181 2268 res
203 2203 389 2290 Ithacclsias,
420 2210 564 2286 perplexe
602 2209 654 2268 ilia
692 2210 727 2268 fit
759 2214 791 2268 et
823 2206 1041 2285 ingratissime,
1078 2225 1175 2284 neque
1185 2222 1236 2275 133

130 2314 183 2372 hic
204 2314 369 2374 Homerum
391 2320 549 2374 canentem
563 2315 708 2374 audimus.
753 2313 858 2392 Itaque
872 2314 932 2373 nisi
947 2313 1063 2386 scirem,
1086 2330 1176 2390 quam

130 2418 220 2478 facile
261 2419 294 2476 in
333 2424 416 2478 tanto
455 2438 544 2497 opere
580 2419 713 2478 minores
750 2419 928 2478 offensiones
964 2419 1177 2476 obumbrentur

129 2542 309 2598 magnarum
331 2525 461 2601 partium
477 2524 586 2598 nitore,
607 2525 731 2583 mirarer
746 2523 863 2582 nullum
878 2522 1068 2598 Criticorum,
1091 2527 1176 2582 vates

128 2631 185 2688 hos
221 2629 259 2687 ad
290 2630 445 2705 vulgarem
477 2647 611 2688 normam
644 2629 883 2703 emendantium,
914 2629 1010 2687 adhuc
1038 2633 1175 2687 exortum

128 2753 213 2816 esse,
241 2734 293 2811 qui
321 2740 448 2811 quatuor
468 2734 602 2794 molestis
631 2735 768 2794 versibus
795 2734 904 2794 deletis
926 2734 1025 2793 locum
1048 2734 1177 2793 similem

127 2840 243 2898 faceret
264 2838 310 2896 1111
333 2858 361 2914 ρ.
388 2842 473 2912 lue,
501 2857 593 2917 seque
612 2839 717 2916 primis
736 2839 914 2914 politoribus
935 2841 1042 2898 horum
1065 2838 1177 2898 Carmi-

128 2963 206 3003 num
229 2943 415 3020 adiungeret.
461 2942 519 3017 Qui
542 2945 569 3003 si
589 2943 666 3003 illud
686 2944 757 3003 olim
779 2943 938 3020 fecissent,
965 2944 1009 3004 uti
1032 2962 1084 3003 eos
1106 2943 1176 3002 alibi

128 3066 221 3126 saepe
239 3048 348 3108 fecisse
376 3048 518 3108 credibile
541 3055 603 3123 est,
630 3049 680 3109 vel
710 3049 801 3108 etiam
820 3068 848 3107 v.
871 3051 941 3108 625.
964 3049 1086 3107 initium
1107 3049 1177 3106 novi

127 3153 199 3213 libri
232 3153 420 3230 posuissent,
451 3159 531 3213 certo
561 3154 650 3213 credo
672 3153 807 3213 futurum
830 3154 939 3228 fuisse,
967 3158 1002 3212 ut
1027 3153 1177 3212 tantulum

127 3276 258 3318 6611111611
279 3257 402 3333 ingenia
420 3258 553 3316 omnium
575 3264 744 3336 temporum
763 3258 929 3318 deluderet.
975 3258 1039 3317 Iam
1061 3262 1178 3335 praeter

128 3362 302 3440 opinionem
330 3381 380 3422 res
408 3362 530 3422 cecidit.
568 3363 645 3422 Nam
676 3363 734 3422 etsi
756 3363 961 3422 vetustissima
984 3368 1066 3421 66166
1087 3361 1177 3421 Grae-

128 3486 233 3527 corum
263 3467 296 3524 in
319 3467 480 3541 edolando,
507 3467 639 3526 ornando
668 3468 871 3546 comendcque
902 3467 959 3526 hoc
980 3471 1069 3542 poeta
1090 3485 1178 3526 omne

129 3572 266 3632 studium
297 3571 465 3652 collocavit,
494 3571 617 3649 reliquit
645 3590 681 3630 ea
713 3578 815 3632 tamen
845 3572 1057 3647 Pylaemenem
1087 3571 1178 3631 nimis

130 3678 190 3736 cito
213 3677 268 3735 fati
291 3677 339 3736 sui
361 3677 501 3751 oblitum,
530 3683 561 3737 et
583 3677 693 3736 similia
714 3678 813 3753 plma,
845 3695 920 3756 quae
944 3677 1048 3737 0111161
1068 3683 1179 3753 postea,

130 3782 221 3841 unice
236 3760 439 3860 quaerentes,
462 3782 534 3862 quid
557 3771 738 3856 incautius
759 3783 856 3844 tenori
878 3787 909 3842 et
923 3782 981 3844 arti
997 3782 1179 3861 conveniret,
