3048 4588
769 365 934 419 Prolegomcna.

698 544 932 662 Plus
969 581 1000 662 1.

797 739 900 805 VIH.

328 891 331 896 ·
413 861 477 922 Iam
509 862 641 938 primum
671 863 776 921 subeat
803 863 920 937 mirari,
948 879 1016 936 cur,
1047 880 1141 938 quum
1162 865 1224 920 tam
1252 879 1318 920 raro
1340 862 1373 920 in

326 968 455 1027 Homero
477 967 612 1043 graviora
633 967 707 1026 vitia
738 968 904 1042 offendent,
937 972 1055 1026 tantim
1083 971 1185 1026 tamen
1210 983 1317 1042 operae
1341 966 1374 1024 in

327 1072 509 1132 correctione
532 1073 598 1132 eius
628 1073 801 1148 ponendum
829 1077 965 1132 statuam.
1010 1072 1202 1149 Apollonium
1223 1071 1375 1130 Rhodium

327 1177 490 1252 contende,
521 1177 667 1254 quomodo
695 1182 764 1237 ants
788 1178 974 1238 Brunckium
995 1177 1164 1254 legebatur,
1198 1177 1247 1235 vel
1269 1174 1375 1249 Quinti

328 1281 486 1358 Smyrnaei
509 1282 600 1341 etiam
631 1301 713 1342 nuno
734 1283 964 1344 mendosissime
985 1283 1186 1360 exemplaria3
1220 1298 1292 1340 sane
1313 1298 1373 1339 non

326 1387 437 1464 poterit
457 1390 501 1444 tot
523 1385 651 1446 succidis
665 1387 816 1464 antiquior
829 1392 912 1447 vates
927 1405 987 1446 non
1006 1391 1036 1447 et
1050 1387 1262 1462 integerrimus
1276 1384 1373 1444 videri

328 1497 372 1568 et¹
386 1490 656 1551 emendatissimus.
708 1492 749 1550 At
778 1493 897 1569 qualem
923 1493 1075 1569 integrum
1103 1492 1213 1550 librum
1245 1491 1374 1549 dicimus

327 1596 430 1656 critico
461 1595 582 1673 quidem
616 1599 725 1656 seusu?
769 1595 858 1656 Haud
886 1615 955 1656 eum
987 1597 1135 1673 proiecto,
1172 1596 1225 1673 qui
1261 1596 1373 1672 absque

328 1703 441 1761 offensa
462 1701 524 1776 legi
545 1703 655 1777 possit,
678 1706 709 1761 et
730 1702 840 1779 inquo
861 1703 938 1761 nihil
962 1702 1002 1761 sit
1019 1702 1150 1779 eleganti
1165 1700 1374 1760 consuetudini

328 1807 473 1866 sermonis
495 1810 527 1865 et
548 1806 674 1884 reliquis
696 1812 778 1867 reete
797 1807 950 1891 ¹scribendi
970 1807 1089 1884 legibus
1111 1807 1300 1867 contrarium.
1333 1805 1384 1884 Ut

327 1911 404 1971 nihil
422 1910 569 1972 eiusmodi
587 1912 628 1971 sit
647 1912 681 1970 in
702 1913 823 1989 uilgato
846 1916 950 1986 textu,
980 1931 1042 1972 non
1062 1913 1203 1972 continuo
1224 1930 1278 1988 pro
1298 1928 1374 1987 puro

328 2021 360 2076 et
381 2017 538 2076 emendato
559 2015 716 2076 habendus
738 2018 809 2096 erit;
832 2019 924 2076 immo
937 2035 1152 2095 nonnunquam
1167 2018 1204 2076 ob
1219 2016 1250 2074 id
1264 1999 1386 2093 ipsum,¹

329 2121 355 2179 si
377 2121 525 2181 eiusmodi
547 2122 624 2180 nihil
645 2121 733 2197 insit,
756 2126 838 2182 tanto
860 2123 956 2198 magis
970 2107 1111 2200 germana
1132 2121 1303 2196 integritate
1320 2138 1374 2179 sua

327 2225 482 2286 fraudatus
509 2243 577 2286 esse
599 2225 744 2286 videatur.
788 2226 856 2286 Non
877 2227 980 2286 dubito
1002 2227 1081 2301 iore,
1109 2226 1162 2303 qui
1189 2227 1246 2284 hoc
1268 2225 1374 2284 subab

328 2329 417 2389 surde
439 2330 499 2390 dici
529 2331 697 2407 opinentur.
744 2331 803 2392 Sed
836 2331 863 2391 si
893 2335 1012 2391 textum
1037 2331 1215 2408 scriptorum
1236 2334 1374 2389 veterum

327 2451 417 2510 supra
438 2439 519 2494 recte
539 2435 629 2494 retuli
650 2436 689 2494 ad
703 2437 848 2512 factorum
872 2436 1063 2494 hebreorum
1086 2435 1314 2511 spectationem,
1341 2435 1374 2492 in

284 2551 362 2618 25eo
384 2539 592 2599 constituendo
614 2540 729 2598 nullam
751 2541 886 2617 speeiem
899 2534 1124 2622 prclbabilitatis
1143 2558 1183 2600 ex
1197 2556 1289 2599 sensu
1313 2539 1374 2598 cle·

325 2645 444 2719 gantiae
466 2643 600 2719 ductam,
628 2661 734 2704 verum
759 2646 850 2722 proba
879 2648 910 2704 et
938 2644 1011 2704 satis
1040 2645 1163 2721 antiqua
1192 2643 1374 2720 exemplaria

325 2748 526 2824 principatum
555 2748 663 2809 habere
691 2767 816 2810 necesse
845 2754 900 2809 est
944 2749 1049 2826 Longe
1079 2751 1180 2809 autem
1207 2748 1290 2808 aliud
1318 2753 1373 2821 est,

325 2852 358 2910 in
386 2853 565 2942 optimorum
594 2855 718 2913 testium
747 2855 806 2914 fide
835 2855 996 2932 spectanda
1024 2855 1108 2930 leges
1135 2854 1276 2913 historiae
1305 2871 1375 2912 con-

325 2957 451 3032 iungere
474 2975 543 3016 cum
565 2976 623 3018 usu
644 2959 781 3036 linguae,
804 2977 874 3018 cum
894 2977 995 3018 rerum
1015 2959 1148 3018 doctrina
1169 2963 1258 3036 atque
1282 2976 1375 3018 sensu

325 3061 458 3139 pulchri3
482 3062 581 3137 aliud,
605 3064 662 3123 hoc
679 3063 806 3123 volatico
829 3081 921 3124 sensu
943 3068 1086 3141 tanquam
1107 3063 1231 3123 centulo
1251 3061 1375 3139 impelli,

326 3169 377 3241 ut,
406 3185 602 3245 quaecunque
628 3169 717 3228 lectio
739 3174 867 3229 venusta
889 3174 919 3228 et
938 3169 1090 3229 commoda
1109 3168 1277 3242 obiiciatur,
1306 3186 1376 3227 ean-

327 3270 397 3331 dem
418 3290 519 3332 veram
541 3279 572 3332 et
594 3292 766 3350 germanam
789 3293 855 3334 esse
878 3275 1043 3334 credamus.
1089 3274 1185 3350 Saepe
1196 3264 1277 3332 enim
1292 3290 1376 3332 seve

325 3375 402 3435 riore
425 3377 548 3452 iudicio,
581 3379 660 3455 quod
689 3398 707 3437 a
734 3380 962 3439 veterrimorum
990 3379 1199 3438 auctoritatum
1219 3378 1377 3437 collatione

326 3478 498 3540 ducendum
520 3487 584 3557 cst,
613 3483 702 3559 plane
726 3483 867 3558 efficitm,
897 3503 933 3544 ea
951 3465 1218 3543 omnes'numeros
1239 3481 1376 3542 veritatis

325 3583 452 3660 habere,
474 3587 506 3645 in
528 3587 638 3664 quibus
660 3589 808 3648 maximae
824 3591 955 3648 offensae
979 3589 1056 3664 sint,
1078 3589 1136 3647 alia
1157 3593 1258 3648 autem
1279 3588 1376 3646 incer-

326 3693 374 3747 tae
397 3695 450 3748 aut
469 3691 584 3751 nullius
606 3693 677 3752 fidei
697 3710 780 3768 esse,
802 3711 878 3770 quae
893 3712 1038 3770 perquam
1054 3692 1199 3770 probabili
1214 3698 1245 3752 et
1266 3692 1376 3750 festivo

328 3811 421 3853 sensu
441 3797 565 3855 niteant
