3048 4588
548 342 712 394 Prologomena.
1146 345 1180 400 85

413 420 464 424 ..-
758 420 1181 428 -.——-—.—-.—-—-.-

134 523 267 582 universi
302 525 401 600 operis
434 525 639 602 descriptioni,
672 525 717 583 rei
745 543 800 601 per
828 544 860 585 se
883 527 983 616 forsan
1007 544 1068 586 non
1090 527 1181 588 nimis

134 627 255 702 arduae,
277 629 401 689 arduam
423 631 552 690 maxime
576 635 607 689 et
626 631 714 706 plane
737 630 962 690 ineluctabilem
979 631 1042 690 vim
1057 636 1180 693 naturae

134 732 292 793 obstitisse.
337 735 393 794 His
417 736 554 794 omnibus
577 735 654 793 nihil
681 734 846 795 detractum
868 736 1007 796 volumus
1030 737 1180 798 sollertiae

17 823 19 870 ἕ
134 838 225 912 vatis,
249 857 434 916 quaequam
454 859 546 917 parva
567 840 697 900 sufficiat
720 841 838 916 magnis
851 841 1069 917 voluminibus,
1092 842 1180 902 innu-

133 945 223 1003 meris
255 944 444 1003 documentis
475 950 603 1022 constat;
639 946 691 1005 sed
721 947 926 1005 necessarium
959 947 1053 1006 fuisse
1088 949 1180 1008 tantis

133 1049 271 1125 operibus
300 1049 493 1126 designandis
523 1051 730 1110 contendimus
760 1052 962 1110 ministerium
983 1070 1127 1111 manuum
1150 1058 1180 1112 et

133 1156 346 1227 matrumenta,
375 1155 484 1232 quibus
512 1155 564 1214 illa
589 1159 688 1214 notata
710 1155 811 1234 aliquo
833 1157 937 1228 mod0‚
967 1157 1067 1216 statim
1089 1158 1179 1234 vulgo

132 1264 181 1317 aut
201 1259 310 1318 saltem
330 1259 434 1335 paucis
457 1261 653 1319 familiaribus
681 1261 800 1338 integra
820 1261 1015 1320 traderentur.
1060 1262 1096 1321 ld
1118 1263 1178 1321 Ho-

132 1382 232 1423 merus
264 1359 390 1444 elifieere
414 1382 474 1423 non
505 1367 654 1442 potuisset
686 1366 771 1423 decem
794 1366 912 1441 linquis,
933 1367 1035 1442 ferrea
1064 1387 1123 1424 oooc
1147 1369 1239 1426 et112

132 1471 220 1526 aeneia
244 1464 446 1549 latatoas⁸³>;
476 1471 527 1529 hic
546 1470 606 1547 ipsi
627 1471 786 1546 graphium
813 1489 888 1547 opus
910 1475 974 1530 erat
996 1476 1027 1532 et
1051 1472 1177 1532 tabulae.

132 1573 226 1647 Quid?
258 1575 349 1650 quod,
376 1575 402 1633 si
431 1575 506 1634 forte
533 1575 582 1634 his
603 1575 782 1650 instructus,
812 1595 891 1636 unus
920 1577 953 1634 in
977 1577 1095 1637 saeculo
1116 1595 1178 1652 suo,

130 1679 224 1739 Iliada
247 1683 278 1738 et
300 1677 465 1753 Odysseam
491 1680 548 1739 hoc
579 1685 682 1740 tenore
712 1681 928 1758 perterruisset,
957 1682 989 1740 in
1012 1687 1178 1742 ceterarum

17 1839 18 1866 3
131 1784 385 1862 opportunitatum
400 1785 526 1860 penuria
544 1785 658 1844 similes
681 1786 749 1845 illae
769 1785 900 1846 fuissent
918 1787 1036 1864 ingenti
1050 1789 1178 1864 narigio,

17 1867 18 1870 ¹
131 1890 209 1966 quod
233 1889 301 1966 quis
323 1889 355 1947 in
378 1891 474 1966 prima
495 1890 625 1950 ruditate
646 1890 845 1967 navigationis
869 1892 1029 1951 fabricatus
1058 1893 1091 1950 in
1114 1893 1178 1953 loco

130 1995 362 2068 mediterraneo,
385 1995 531 2054 machinis
547 2001 578 2054 et
593 1995 751 2072 phalangis
767 1996 804 2054 ad
819 1996 1067 2072 protrudendum,
1089 2002 1178 2075 atque

17 2139 18 2148 ,
111 2099 203 2156 adeo
225 2099 301 2156 mari
323 2103 453 2172 careret,
472 2099 505 2157 in
525 2118 584 2176 quo
607 2100 850 2175 experimentum
869 2118 940 2159 suae
963 2101 1036 2159 artis
1051 2107 1176 2178 caperet.

17 2245 19 2280 ,
129 2203 197 2262 Nou
219 2205 467 2279 commemorabo,
499 2223 588 2281 quam
618 2209 688 2281 apte
716 2205 778 2264 sint
808 2205 841 2263 in
861 2206 974 2264 artibus
998 2205 1177 2265 Graecorum

17 2345 19 2404 ἑ
129 2326 235 2368 omnes
257 2309 368 2382 gradus
392 2313 423 2368 et
446 2327 603 2369 successus
625 2310 698 2368 nexi
720 2309 802 2369 inter
823 2328 855 2368 se
878 2314 908 2368 et
930 2311 982 2368 alii
1002 2309 1070 2368 aliis
1092 2329 1176 2387 prae-

128 2413 254 2485 muniti,
287 2417 334 2486 ut,
366 2432 419 2473 cur
442 2415 569 2490 quisque
593 2419 735 2492 sequatur
757 2413 916 2491 deinceps,
951 2433 990 2473 ex
1023 2415 1176 2492 superiore

17 2495 29 2568 Ῐ.
127 2518 177 2576 via
209 2523 241 2576 et
275 2519 481 2578 antecessione
514 2537 670 2578 causarum
706 2519 836 2595 intelligi
873 2519 976 2596 possit.
1036 2519 1177 2597 Exempli

17 2627 18 2660 ³
126 2624 237 2698 gratia,
272 2641 400 2699 pronum
433 2624 491 2682 fuit
526 2625 649 2700 ingenio
684 2623 812 2699 GraecO,
849 2643 887 2684 ex
921 2623 1016 2701 epicis
1050 2617 1178 2696 ἀοιδαῖς

17 2733 19 2794 1
126 2727 273 2786 mutanda
291 2726 385 2786 forma
401 2747 501 2788 serere
517 2730 666 2789 scenicam
689 2729 835 2803 fabulam,
858 2729 890 2787 et
905 2728 1025 2787 fastidio
1041 2730 1177 2806 quodam,

17 2891 18 2914 3
126 2837 161 2891 ut
183 2834 232 2906 fit,
266 2831 401 2891 eiusdem
430 2833 596 2892 cantilenae
631 2852 680 2908 ea,
713 2833 844 2910 quaein
866 2833 929 2892 illis
950 2838 1067 2891 narrata
1085 2839 1177 2908 erant,

17 3005 19 3026 s
126 2937 268 3014 personis
292 2937 418 2996 dicenda
437 2937 521 3012 dare,
550 2939 635 3016 quasi
663 2943 732 2997 ante
763 2938 863 2997 oculos
892 2943 1068 3014 agerentur:
1100 2939 1177 2998 illud

125 3193 283 3259 nescimus,
309 3191 375 3259 quid
398 3192 428 3244 in
452 3192 555 3262 tragica
573 3209 655 3247 scena
677 3193 759 3246 fuerit
776 3197 829 3262 μία
847 3193 986 3262 ἀκρόασις.
1022 3194 1093 3247 Nam
1110 3193 1176 3248 Dio-

126 3280 206 3348 genis
224 3279 255 3332 L.
275 3277 326 3346 ΠΙ,
345 3279 387 3333 56.
412 3280 559 3334 auotoritas
585 3283 647 3349 post
672 3281 888 3334 emendationem
911 3281 1005 3334 eximii
1029 3281 1097 3350 viri,
1122 3282 1176 3336 ista

17 3357 19 3394 ³
127 3370 248 3435 quatuor
265 3367 375 3420 nomina
393 3367 524 3420 festorum
551 3368 585 3421 ad
612 3368 762 3438 marginem
788 3368 946 3438 relegentis,
975 3369 1100 3423 adhiberi
1123 3387 1176 3424 non

127 3455 259 3520 debebat;
280 3453 333 3507 alia
351 3470 417 3508 vero
436 3455 584 3508 auctoritas
604 3455 695 3523 deest,
715 3473 768 3524 qua
786 3456 844 3510 sine
857 3456 955 3510 erroris
968 3456 1087 3524 periculo
1105 3457 1175 3510 nita-

126 3541 174 3596 n‘s.
197 3541 273 3595 Ocni.
293 3540 469 3594 Bartholomii
487 3542 560 3595 Dias.
578 3543 608 3594 in
627 3542 737 3597 Memor.
753 3544 835 3598 Acad.
849 3543 986 3611 Inscripti.
1000 3543 1027 3597 Τ.
1040 3542 1174 3598 XXXIX.

127 3627 183 3682 Hic
209 3631 303 3682 autem
331 3628 365 3680 ad
393 3629 563 3682 coniecturas
591 3629 747 3700 confugere,
776 3630 828 3684 etsi
855 3645 978 3684 summae
1004 3629 1044 3683 rei
1068 3633 1175 3685 nostrae

129 3708 298 3782 profuturam
316 3730 371 3767 non
389 3717 477 3769 uacat.

218 3801 264 3868 aa)
284 3801 316 3855 n.
335 3807 359 3868 a.
379 3801 438 3855 rso.
