2980 4576
552 361 716 412 Prolegomena.
1106 363 1156 417 107

201 541 259 601 Per
286 543 344 601 tria
371 543 507 619 proxima
527 563 545 602 a
564 544 702 621 Lycurgo
733 545 852 604 saecula
877 545 954 604 nihil
982 549 1098 604 constat
1120 546 1157 604 de

114 648 162 706 bis
186 647 389 722 Carminibus,
419 649 479 708 nisi
507 650 586 726 quod
612 669 630 708 a
655 650 812 727 rhapsodis
839 651 1039 728 particulatim
1061 650 1158 708 divul-

113 755 182 828 gata
204 757 296 826 sunt,
314 772 373 831 qua
394 753 432 812 de
453 772 486 814 re
510 772 600 830 supra
619 754 759 814 diximus.
804 753 909 832 Itaque
929 773 964 814 ea
979 755 1069 814 etiam
1089 759 1158 813 ante

114 857 254 916 Solonem
272 858 391 918 recitari
413 877 527 919 morem
556 859 665 934 fuisse,
695 861 745 920 vel
767 859 833 919 sine
856 859 1026 919 testimonio
1048 861 1158 921 veteris

114 963 267 1038 scriptoris
290 963 427 1024 crederes
437 959 473 1044 ⁴).
520 963 605 1038 Quod
623 970 756 1025 autema
772 964 879 1025 Solone
894 970 1035 1025 novatum
1050 966 1160 1026 dicitur

5 1091 6 1102 α
113 1067 145 1125 in
178 1067 368 1143 recitatione,
401 1063 440 1128 ed
474 1061 510 1142 ἐξ
540 1065 703 1152 ὑποβολῆς
734 1063 984 1150 ῥαψῳδεῖσθαι,
1012 1070 1159 1130 eiusmodi

114 1177 175 1246 est,
211 1177 246 1232 ut
273 1191 343 1232 eum
371 1174 535 1251 rhapsodos
569 1193 628 1234 non
659 1175 791 1251 primum
821 1175 997 1235 invitavisse
1018 1177 1159 1258 Athenas,

5 1317 6 1328 .
114 1279 167 1337 sed
201 1279 234 1337 in
268 1279 483 1339 consuetudine
524 1297 628 1339 eorum
660 1280 774 1358 aliquid
808 1281 972 1340 mutavisse
1010 1286 1157 1358 appareat.

5 1384 7 1397 “
112 1384 176 1442 Iam
200 1401 278 1460 quae
307 1384 360 1443 illa
388 1385 480 1444 fuerit
506 1386 631 1444 mutatio
653 1390 686 1445 et
706 1386 870 1460 institutio,
904 1387 1035 1463 positum
1057 1391 1104 1446 est
1126 1388 1158 1445 in

112 1488 284 1547 coniectura
316 1493 438 1565 propter
470 1489 646 1549 brevitatem
677 1488 821 1566 Diogenis
851 1488 972 1548 Laertii.
1023 1489 1101 1549 Nam
1132 1491 1158 1550 si

111 1594 187 1653 forte
212 1597 300 1652 antea
322 1595 355 1652 in
379 1588 382 1674 l
406 1595 535 1671 publicis
555 1595 740 1655 sollemribus
763 1613 843 1654 unus
872 1595 959 1654 modo
991 1596 1158 1673 rhapsodus
1168 1600 1216 1653 141

111 1717 220 1758 canere
243 1703 412 1773 consuerat,
442 1698 531 1759 Solon
554 1700 750 1760 convocandis
773 1700 924 1776 pluribus,
953 1701 1005 1778 qui
1028 1719 1060 1760 se
1082 1702 1158 1760 invi-

112 1822 179 1864 cem
202 1804 381 1881 excipiendo
403 1805 545 1864 maiorem
574 1824 733 1865 numerum
755 1806 981 1883 rhapsodiarum
1010 1811 1159 1880 canerent,

112 1929 226 1969 novum
255 1910 301 1969 rei
335 1910 524 1987 splendorem
550 1911 700 1971 addidisse
730 1911 827 1970 rideri
854 1916 952 1989 queat.
998 1911 1058 1971 Sed
1089 1912 1160 1971 huic

5 2051 6 2058 .
112 2015 222 2074 rationi
244 2033 350 2091 parum
373 2017 479 2076 tribuo.
524 2017 593 2076 Non
615 2018 697 2076 enim
727 2017 836 2076 inilia
856 2018 1048 2076 memorabile
1070 2018 1159 2076 meri-

112 2124 178 2178 tum
212 2138 306 2179 novae
339 2120 538 2181 institutionis
570 2123 763 2199 intelligitm,
797 2141 854 2182 nec
886 2124 976 2181 verba
1006 2122 1159 2200 Diogenis,

6 2287 7 2294 ,
113 2227 172 2284 etsi
206 2242 296 2301 saepe
331 2225 537 2300 balbutientis,
570 2227 643 2286 illuc
670 2229 821 2303 pertinere
849 2231 983 2304 possunt.
1028 2227 1160 2287 istorum

6 2319 7 2356 ³
113 2330 208 2406 igitur
245 2331 403 2389 verborum
442 2349 565 2390 sensum
604 2333 739 2409 pressius
779 2333 931 2409 sequenti,
966 2337 1159 2410 veteremque

6 2489 7 2492 ,
113 2453 227 2494 morem
260 2435 489 2511 rhapsodorum,
531 2455 622 2514 quem
656 2455 746 2513 supra
777 2437 937 2513 descripsi,
977 2439 1160 2514 comparanti

113 2541 235 2599 ridetur
257 2541 331 2598 mihi
356 2540 446 2601 Solon
468 2543 524 2600 hoc
545 2541 730 2616 instituisse,
757 2547 806 2616 ut,
837 2561 931 2619 quum
952 2542 1036 2618 prius
1058 2543 1160 2619 singu-

5 2655 6 2694 l
114 2645 192 2704 lares
215 2645 392 2722 rhapsodias
415 2646 481 2706 sine
503 2647 565 2706 ullo
588 2647 692 2707 ordine
713 2665 814 2708 rerum
833 2652 864 2707 ct
884 2651 1053 2724 temporum
1075 2667 1161 2708 cane

114 2755 232 2824 rentur,
256 2750 288 2808 id
311 2755 412 2810 estut
434 2752 466 2810 in
488 2771 548 2811 uno
569 2757 719 2812 conventu
739 2751 871 2828 primuni
893 2753 1013 2828 Ulyssis
1028 2744 1162 2834 Νίπτρα

203 2959 231 3026 4)
251 2960 418 3015 Dieuehidae
437 2977 478 3030 ap.
497 2961 574 3031 Diog.
588 2960 677 3016 Laert.
691 2961 713 3028 I,
727 2961 752 3029 2,
766 2962 808 3014 57.
849 2961 890 3012 Τὰ
907 2956 1075 3032 Ὁμήροοέξ
1093 2963 1162 3015 ὑπο-

115 3051 196 3115 βολῆς
216 3048 321 3117 typam
340 3047 552 3121 ῥαψῳδεῖσθαι,
573 3042 647 3118 οἷον,
674 3047 746 3100 ὅπου
766 3051 780 3099 ό
800 3050 908 3117 πρῶτος
928 3049 1031 3116 ἔληξεν,
1056 3051 1162 3104 ἐκεῖθεν

2 3117 4 3184 .'
117 3137 254 3205 ἄρχεσθαι
279 3135 328 3188 τὸν
352 3136 492 3204 ἐχόμενον.
528 3136 601 3190 Illud
629 3138 658 3196 ἐξ
685 3137 822 3203 ὑποβολῆς
849 3135 922 3190 idem
950 3140 991 3190 est
1009 3139 1081 3206 quod
1097 3138 1162 3192 alibi

1 3227 2 3250 ³
117 3223 143 3282 ἐξ
161 3222 339 3290 ὑπολήψεως,
358 3221 399 3274 ita
416 3227 448 3274 ut
466 3221 538 3275 alius
560 3222 611 3275 ulii
629 3222 794 3286 succederet,
814 3238 875 3289 seu,
894 3222 941 3275 ubi
953 3239 1027 3275 uuus
1041 3222 1163 3277 desiisset
1246 3221 1251 3227 ’

1 3303 2 3386 J
118 3323 226 3374 cauere,
251 3309 320 3361 citer
343 3309 420 3372 iude,
446 3308 519 3376 quod
545 3316 712 3378 sequeretur,
738 3309 947 3376 auspicaretur;
972 3311 1060 3378 sieque
1077 3328 1163 3364 uuum

1 3419 2 3432 ο
117 3395 279 3449 Homericae
302 3401 415 3464 poeseos
443 3397 609 3464 conflaretur
635 3411 748 3465 corpus:
775 3415 843 3468 quae
871 3399 955 3453 verba
983 3401 1047 3453 sunt
1064 3399 1163 3454 Leonis

1 3481 2 3523 t
118 3485 212 3540 Allatii
231 3486 264 3538 de
284 3486 372 3553 patria
398 3485 477 3540 Hom.
492 3503 524 3540 .c.
543 3487 568 3540 5.
593 3487 634 3554 [in
659 3486 773 3541 Gronov.
798 3487 875 3540 Thes.
895 3487 939 3540 Gr.
958 3487 1060 3556 antiqq.
1080 3487 1107 3540 T.
1125 3487 1162 3557 X,

118 3589 141 3640 p.
158 3571 248 3640 1759]
285 3573 326 3626 De
352 3589 382 3626 re
409 3573 477 3627 conf.
497 3573 600 3627 Fabric.
618 3573 649 3627 B.
672 3573 702 3626 G.
723 3573 804 3641 11,2‚
824 3575 865 3627 11.
894 3572 932 3642 [Τ.
947 3574 973 3641 I,
996 3591 1020 3642 p.
1041 3574 1100 3628 356.
1120 3576 1162 3628 ed.

119 3659 235 3730 Harles]
250 3663 277 3714 et
288 3661 394 3730 Dresig.
408 3661 441 3714 de
454 3661 607 3731 Rhapsodis
620 3678 645 3730 p.
661 3661 711 3730 35,
732 3661 779 3730 qui
793 3661 871 3714 illum
885 3661 992 3715 refutat.
1029 3661 1163 3730 Equidem

120 3748 241 3802 neutrius
264 3750 362 3802 horum
381 3749 543 3804 sententiam
561 3748 655 3817 probo,
685 3749 723 3813 (et
741 3765 785 3804 eos
804 3750 859 3802 fere
878 3749 965 3803 secuti
984 3751 1047 3803 sunt
1064 3749 1163 3818 reliqui

121 3837 242 3903 omnes)
262 3837 418 3892 Fabricium
437 3840 527 3891 tamen
547 3854 563 3892 a
580 3853 644 3890 vero
663 3837 773 3906 propius
791 3837 885 3892 abesse
905 3852 1009 3890 censeo.
