2980 4576
335 343 461 424 HL.-

333 525 438 602 Itaque
470 531 501 584 et
527 513 691 586 Homerum
719 533 749 586 01
780 528 920 605 Tragicos
945 549 1014 590 01111
1042 535 1123 592 omni
1145 551 1237 609 grege
1261 531 1376 614 ῥαψῳ-

335 624 414 705 δῶν,
436 629 593 711 χορευτῶν
615 637 647 691 01
668 634 851 692 musicorum
872 653 911 694 ex
931 655 1008 695 nova
1023 638 1143 697 civitate
1167 638 1281 697 eduxit.
1313 638 1377 696 Pri-

334 737 458 795 mariam
480 737 563 796 illius
586 738 765 796 sententiam
787 739 824 797 de
848 744 911 798 arte
934 743 1051 816 poetica
1079 743 1211 819 suscepit
1232 743 1377 802 Aristote

333 841 378 900 les
408 842 440 899 in
467 841 702 900 celebratissimo
735 843 852 917 libello,
885 849 1047 904 correctam
1077 847 1198 922 quidem
1225 847 1378 923 passima

334 963 381 1020 se,
413 965 519 1005 verum
549 964 588 1005 ne
625 947 668 1006 sic
697 947 819 1023 quidem
849 949 1043 1025 explicatam,
1075 957 1109 1009 ut
1136 953 1245 1029 cuique
1273 953 1378 1028 generi

335 1051 507 1111 Oarminum
530 1053 603 1111 satis
626 1051 812 1111 conveniret:
836 1053 910 1112 adeo
932 1055 1146 1115 didascalicum
1164 1074 1261 1132 genus
1283 1058 1320 1115 ab
1343 1075 1378 1116 eo

333 1174 456 1232 prorsus
475 1157 654 1216 excluditur.
698 1157 805 1233 Neque
826 1163 895 1234 post
915 1161 1107 1220 Aristotelem
1130 1162 1290 1238 quisquam
1311 1163 1378 1238 phi-

275 1261 525 1339 16510s0ph0rum
542 1256 545 1342 l
563 1281 665 1322 veram
679 1263 742 1322 vim
763 1263 847 1322 illius
870 1265 943 1324 artis
965 1270 1017 1324 aut
1037 1265 1209 1326 historicam
1231 1269 1378 1344 interpre-

333 1369 477 1427 tationem
491 1373 571 1427 recte
586 1373 742 1427 assecutus
756 1369 881 1428 videtur.
918 1369 996 1430 Nam
1010 1371 1082 1429 dum.
1098 1372 1239 1446 Epicurei
1257 1391 1378 1431 omnem

334 1473 440 1548 poesin
472 1476 503 1531 et
529 1473 674 1530 musicam
707 1473 897 1548 reiiciebant,
928 1477 1136 1552 negabantque
1170 1477 1225 1536 sub
1254 1476 1376 1536 Homeri

334 1577 444 1635 fabulis
467 1577 560 1636 latere
590 1577 768 1651 doctrinam,
802 1584 918 1637 ceterae
953 1585 1051 1638 sectae
1079 1598 1186 1656 magno
1217 1581 1317 1640 studio
1340 1582 1377 1639 ad

333 1687 450 1740 veteres
465 1671 620 1752 ὑπονοίας
634 1683 826 1742 recurrebant
834 1727 848 1770 ².
865 1682 956 1742 Stoici
971 1685 1004 1741 in
1018 1685 1140 1759 primis,
1163 1685 1252 1759 Zeno,
1269 1685 1375 1744 Clean-

333 1788 413 1860 thes,
443 1787 643 1863 Chrysippus,
674 1806 713 1846 ex
735 1806 860 1864 quorum
880 1789 999 1866 scriptis
1019 1790 1180 1848 maximam
1201 1795 1317 1866 partem
1339 1810 1375 1849 ea

235 1871 237 1879 Ι
334 1897 406 1952 sunt
422 1892 542 1965 hausta,
565 1910 641 1968 quae
655 1892 829 1952 Heraclides
847 1911 871 1952 s.
888 1893 1065 1967 Heraclitus,
1089 1894 1246 1968 Cornutus
1269 1894 1377 1954 Eusta-
1400 1887 1405 1898 ’

333 1997 416 2055 thius
438 1998 573 2055 afferunt.
618 1997 684 2055 Hlis
705 2001 806 2056 autem
829 2015 861 2057 se
884 1999 1024 2074 opposuit
1043 1999 1249 2072 Aristarchus,
1275 2001 1376 2058 verbis

333 2106 438 2177 poetae
461 2101 571 2177 ubique
602 2101 732 2161 fideliter
760 2102 991 2177 inhaerendum,
1026 2109 1057 2162 et
1088 2104 1179 2162 istam
1211 2104 1376 2163 doctrinam

333 2223 430 2264 meras
452 2224 547 2282 nugas
569 2224 635 2266 esse
657 2202 832 2286 putans²⁷).
876 2207 982 2284 Neque
1004 2226 1075 2266 vero
1090 2208 1254 2267 Aristarchi
1276 2213 1374 2268 aucto·

332 2311 405 2370 ritas
428 2329 445 2368 a
467 2311 623 2386 nugatorio
643 2310 742 2370 studio
765 2311 890 2370 deduxit
909 2311 1116 2388 philosophos,
1139 2331 1265 2390 quorum
1285 2314 1376 2372 etiam

332 2416 561 2492 insequentibus
591 2416 718 2474 saeculis
748 2417 812 2475 sere
842 2417 945 2476 nullus
973 2416 1044 2491 fuit,
1075 2419 1127 2495 qui
1156 2435 1217 2476 non
1246 2418 1376 2477 Homero

334 2513 502 2601 ἆπόῤῥητα
524 2521 670 2596 quaedam
689 2521 738 2578 rel
760 2525 841 2580 certe
863 2522 981 2581 decreta
993 2526 1091 2582 sectae
1108 2540 1179 2582 suae
1195 2524 1373 2582 obtruderet.

332 2624 413 2682 Hinc
434 2626 528 2684 facete
554 2625 668 2684 Seneca
679 2621 738 2705 ⁹⁸):
768 2626 899 2701 Apparet
926 2627 1005 2685 nihil
1032 2627 1138 2686 horum
1167 2645 1233 2687 esse
1260 2629 1292 2686 in
1314 2629 1374 2702 illc,

333 2729 382 2788 cui
405 2729 504 2788 omnia
525 2729 643 2806 insunt,
666 2731 724 2789 ista
747 2731 827 2790 01111
847 2732 925 2790 11101
948 2750 980 2791 00
1002 2732 1158 2792 dissident.
1202 2733 1375 2810 Eodemque

332 2836 464 2910 pertinet
485 2836 633 2912 quaestio,
656 2855 695 2894 an
716 2836 913 2913 philosophus
935 2838 1026 2897 fuerit
1047 2843 1148 2914 poeta,
1178 2842 1302 2898 tractata
1323 2839 1375 2896 illa

332 2940 490 3014 Favorino,
524 2940 675 3016 Longino,
707 2940 857 3002 Oenomao
889 2947 920 3002 et
950 2943 1025 3002 aliis.
1071 2943 1108 3001 In
1141 2962 1199 3020 qua
1228 2944 1373 3020 quomodo

333 3050 469 3104 versatus
491 3047 530 3104 sit
552 3046 751 3123 Porphyrius,
775 3067 813 3106 ex
834 3049 900 3106 eius
923 3047 1051 3108 Scholiis
1073 3052 1103 3107 et
1126 3066 1261 3107 seorsum
1283 3049 1373 3108 editis

315 3151 485 3227 opusculis
509 3131 638 3228 apparet.
683 3151 799 3229 Nempe
830 3170 868 3211 ex
896 3153 952 3211 hoc
979 3158 1112 3230 ternpore
1143 3155 1272 3213 maxime
1297 3153 1372 3212 rela-

331 3257 444 3323 buntur
466 3255 571 3316 Graeci
600 3257 633 3314 in
654 3255 741 3316 illrmr
763 3259 910 3332 morbum,
943 3261 977 3316 ut
999 3257 1109 3334 ubique
1131 3258 1286 3334 allegorias
1309 3259 1372 3316 sive

333 3362 509 3437 anagogicas
535 3362 599 3420 sive
625 3361 782 3420 historicas
804 3367 959 3437 captentr
978 3362 1069 3422 Hisce
1097 3363 1188 3422 armis
1209 3362 1371 3422 Homerum

333 3467 458 3526 Proclus
479 3466 657 3526 defendebat
679 3471 781 3525 contra
803 3467 972 3543 Platonem3
995 3468 1038 3526 ita
1053 3467 1227 3545 Simplicius
1242 3468 1276 3526 in
1290 3469 1371 3526 fabu-

423 3709 467 3776 27)
487 3710 556 3764 Vide
574 3709 696 3764 Eustath.
716 3727 742 3778 p.
760 3710 785 3762 3.
803 3711 846 3764 40.
865 3711 926 3764 561.
944 3710 1004 3764 614.

423 3796 468 3865 28)
487 3797 572 3866 Epist.
591 3796 772 3851 INXXVIII.
791 3814 846 3852 non
864 3798 882 3852 l.
901 3816 923 3852 a.
942 3815 981 3867 pr.
1003 3798 1041 3868 [ἓ.
1059 3798 1095 3868 5.]
