2980 4576
457 381 460 388 ,
537 339 700 392 Prolegoruena.
1085 341 1136 396 145

181 525 220 583 At
241 525 338 583 tribus
360 525 409 584 his
429 525 538 600 poetis
550 524 688 599 superior
708 527 806 583 aetate
828 524 886 582 fuit
904 523 1055 582 &nodone
1077 516 1138 597 ille,

108 628 244 702 Eplaaim
274 629 327 707 qui
347 628 510 688 maioribus
532 628 676 688 librorum
698 629 792 705 copiis
815 629 985 705 maioreque
1007 628 1138 702 audacia,

108 751 185 809 qnam
206 735 365 812 quisquam
384 738 499 810 postea,
530 733 569 792 ad
595 734 813 794 recensendum
841 734 974 794 accessit
1018 733 1065 816 Ab
1087 733 1139 792 illo

108 837 138 895 ad
158 838 289 914 Aptbaea
319 839 410 898 huius
440 837 581 897 historiae
610 840 721 896 tartara
748 839 891 912 periculam
914 837 1139 912 constituimus;

108 941 135 999 in
160 960 215 1018 qua
241 943 363 1002 demum
387 942 565 1002 criticorum
592 947 623 1002 et
645 942 911 1003 Grammaticorum
932 941 1060 1017 meritis,
1088 941 1141 1018 qui

108 1045 256 1122 fungorum
278 1047 366 1107 modo
388 1047 587 1107 Alexandriae
609 1052 641 1107 et
660 1047 798 1124 Pergami
817 1047 1057 1120 succrescebant,
1080 1064 1141 1103 eoa-

108 1153 216 1210 tantm
230 1153 328 1229 sama
352 1156 441 1210 tectae
462 1153 585 1212 inducta
606 1156 661 1212 est.
698 1151 762 1211 Iam
783 1151 887 1212 multis
910 1152 998 1211 rebus
1018 1151 1140 1228 penitus

109 1273 240 1316 conversa
262 1261 325 1316 crat
346 1257 437 1317 facies
452 1257 631 1318 Graecarum
651 1255 832 1331 litterarum,
855 1257 900 1316 uti
920 1257 1055 1332 ipsarum
1069 1255 1142 1314 civi-

109 1364 202 1419 tatum.
247 1361 304 1420 Pro
326 1361 411 1436 foris,
441 1378 495 1438 pro
517 1355 519 1440 l
543 1361 669 1438 pulpitis
692 1365 723 1420 et
752 1361 850 1421 scenis
870 1365 901 1421 et
922 1360 1142 1421 celebritatibus
1152 1355 1203 1410 189

110 1465 227 1540 publicis
260 1483 365 1526 musca
397 1471 429 1525 et
459 1466 670 1552 bibliothecae,
703 1483 756 1541 pro
789 1465 925 1542 ingenio,
957 1466 1143 1543 propriarum

110 1586 190 1644 opum
216 1570 323 1645 divite,
355 1570 472 1646 trepida
498 1575 530 1629 et
557 1570 756 1630 mediocribus
783 1571 865 1630 ausis
891 1588 924 1629 se
953 1570 1143 1629 committens

109 1673 238 1750 initalia,
273 1693 328 1752 pro
359 1676 460 1752 poesis
490 1679 520 1734 et
551 1676 738 1753 eloquentiae
770 1675 1002 1735 concitatissimo
1035 1674 1144 1753 spiritu

111 1779 209 1855 sobria,
232 1797 321 1857 saepe
343 1780 452 1855 frigida
474 1781 616 1855 eruditio,
639 1780 671 1838 in
694 1797 857 1857 omnesque
879 1783 980 1856 partes
998 1779 1143 1839 doctrina·

110 1901 169 1942 rum
182 1884 289 1944 diflusa
304 1885 406 1959 lectio,
427 1903 482 1962 pro
504 1885 687 1945 inventionis
710 1885 840 1944 sollertia
862 1885 1006 1944 sedulitas
1028 1889 1059 1944 et
1073 1903 1145 1943 cura

111 1992 138 2046 et
155 1990 231 2048 nitor
245 1990 367 2067 quidam
381 1990 586 2066 dispositionis
598 1990 767 2066 poeticique
784 1989 943 2062 sermonis,
966 2008 1020 2066 pro
1034 1989 1145 2048 artium

23 2120 27 2129 ·
111 2067 229 2171 dedique
250 2096 384 2154 omnium
404 2096 562 2171 magnifico
584 2100 615 2154 et
636 2095 737 2153 nativo
759 2095 830 2154 flore
852 2094 978 2154 corollae
998 2113 1037 2154 ex
1058 2095 1144 2153 undi-

23 2239 24 2266 ,
112 2215 163 2273 que
184 2199 331 2278 decerptis
353 2200 486 2260 flosculis
509 2201 650 2260 collectae
672 2199 930 2276 conspiciebantur
941 2195 993 2279 ⁶⁹).
1038 2199 1075 2257 In
1098 2199 1145 2257 his

23 2286 24 2340 i
112 2308 203 2364 autem
223 2305 346 2380 studiis,
371 2323 446 2383 quae
470 2323 551 2365 nunc
570 2305 700 2363 maxime
722 2323 805 2363 emor
823 2304 1013 2380 antiquorum
1028 2304 1145 2362 imitan-

23 2384 28 2439 ἱ
112 2406 208 2467 dorum
228 2410 389 2482 excitabat,
412 2429 460 2468 ara
482 2411 541 2468 fuit
562 2410 767 2484 interpretandi
786 2413 812 2466 et
834 2409 1003 2477 emendandi,
1033 2408 1146 2468 lentius

23 2541 24 2544 ¹
112 2519 248 2574 commota
262 2519 363 2588 antea,
386 2515 435 2574 cui
456 2515 559 2574 nullus
573 2520 710 2574 veterum
725 2517 881 2591 poetarum
895 2513 1022 2588 largiora
1038 2513 1147 2589 pabula

112 2619 262 2690 praebebat
283 2637 373 2696 quam
394 2619 551 2678 Homerus.
596 2618 667 2677 Mox
690 2619 794 2678 eedem
815 2636 864 2677 ars
884 2618 1020 2676 traducta
1041 2621 1087 2676 est
1108 2616 1146 2675 ad

113 2721 179 2782 alios
199 2727 316 2798 politas,
345 2723 504 2801 praecipue
523 2721 647 2799 lyricos,
676 2724 817 2798 tragicos,
848 2722 989 2795 comicos,
1017 2722 1090 2780 item
1109 2721 1147 2780 ad

66 2901 69 2908 Ι
113 2825 272 2902 historiam,
303 2832 447 2902 oratores,
470 2829 615 2903 medicos,
643 2833 675 2888 et
694 2832 729 2886 nt
750 2828 889 2905 quodque
907 2846 1005 2904 genus
1027 2827 1147 2903 insigne

23 2986 24 3005 ,
114 2937 170 2990 erat
190 2933 371 3009 praestantia
392 2951 493 2993 rerum
514 2938 544 2992 et
573 2933 751 2992 obscuritate
773 2933 940 2992 verborum.
985 2933 1031 2991 Ad
1060 2933 1146 2990 illum

22 3007 24 3028 '
115 3051 194 3096 usum
221 3037 384 3098 latissimos
415 3056 535 3114 campos
566 3028 715 3119 ποικίλης
745 3029 935 3120 φιλολογίας
965 3041 1148 3114 aperuerunt

116 3136 309 3218 Grammatici,
339 3147 560 3220 coeperuntque
590 3145 743 3202 accuratae
764 3141 1018 3218 interpretationis
1041 3141 1147 3200 silvam

23 3315 24 3332 χ
117 3244 243 3321 colligere
263 3266 302 3306 ex
324 3247 493 3323 cognitione
507 3247 662 3323 historiae,
684 3247 890 3323 chronologiae
905 3246 1147 3323 reliquarumque

118 3513 162 3584 ibi,
179 3522 356 3593 προφέρεται,
376 3519 500 3573 omnibus
518 3517 598 3587 lucie,
617 3518 647 3571 ni
663 3517 753 3586 fallor,
772 3519 806 3572 ad
824 3516 975 3587 singulares
992 3517 1076 3571 libros
1095 3517 1148 3570 cri-

23 3623 24 3680 3
119 3600 177 3656 ticos
194 3605 320 3674 pertinet,
340 3623 394 3660 non
412 3606 446 3659 ad
464 3605 551 3660 iustas
570 3605 700 3665 ἐκδόσεις.

24 3733 25 3736 ,
196 3691 238 3760 59)
262 3693 375 3747 Erudite
400 3693 467 3748 haec
488 3694 646 3762 persecutus
664 3694 706 3746 eet
723 3692 848 3762 Heynius
868 3691 897 3745 in
914 3691 987 3744 Diae.
1011 3692 1044 3744 de
1070 3691 1149 3761 genio

24 3815 25 3826 2
122 3778 211 3831 meruli
227 3779 455 3848 Ptolemaeorum,
475 3779 574 3849 Opusc.
593 3780 667 3834 acad.
687 3781 745 3834 Vol.
758 3781 779 3833 I.
798 3779 831 3848 [p.
845 3779 896 3833 100
909 3778 976 3848 squ]

160 3878 254 3926 uolua
271 3884 436 3937 prolegomena.
463 3883 539 3926 ariao
553 3884 593 3926 111.
934 3873 974 3929 10
