3048 4588
310 373 343 427 16
752 375 917 428 Pmlegomenr.

307 553 473 614 sitantum
504 573 624 632 sperare
654 556 700 616 fas
728 562 790 632 est,
821 557 958 635 Longino
987 559 1077 618 alicui
1105 576 1160 617 seu
1181 556 1233 616 aiii
1256 556 1351 616 veteri

307 657 430 735 Gritieo,
458 661 511 738 qui
538 661 632 738 copiis
654 661 926 722 Alexandrinorum
955 664 1051 740 perite
1074 663 1284 739 moderateque
1306 661 1352 720 uti

307 764 409 839 sciret,
438 765 510 824 satis
532 766 696 842 placiturus
726 767 820 827 fuisse
847 767 1008 828 videretur.
1052 767 1118 836 Hoc
1146 767 1219 844 quid
1244 767 1290 826 rei
1312 767 1353 826 sit

306 873 395 946 atque
417 869 547 945 consilii,
581 875 613 930 et
643 889 717 948 quas
750 871 841 932 ineo
870 873 1000 932 rationes
1023 877 1145 932 secutus
1165 872 1237 948 sim,
1265 871 1352 931 Gom-

305 975 444 1034 mentarii
465 976 590 1036 materia
611 980 672 1051 ast,
694 996 755 1037 non
775 977 980 1038 Praefationis.
1027 977 1105 1037 Nam
1126 978 1232 1037 sinon
1254 977 1352 1036 solum

304 1078 492 1139 indoctorum
519 1081 684 1141 calumnias
713 1100 866 1157 amovere,
897 1083 950 1142 sed
976 1083 1059 1159 ipsas
1088 1099 1194 1141 causas
1220 1081 1353 1140 instituti

262 1185 343 1244 22ad
364 1185 513 1264 liquidum
526 1187 689 1263 perducere
703 1187 808 1260 velim,
831 1187 940 1262 multa,
962 1205 1038 1266 qnae
1053 1187 1226 1263 vulgaribus
1248 1181 1252 1268 1
1274 1204 1352 1246 erro·

305 1290 388 1350 ribus
408 1291 612 1368 implicantis,
635 1292 674 1350 ad
692 1310 798 1351 verum
819 1292 985 1352 revocanda
1006 1292 1080 1369 sint;
1111 1292 1181 1366 alia,
1209 1309 1286 1369 quae
1309 1295 1353 1351 tot

304 1395 448 1455 librorum
469 1397 609 1457 interitus
631 1399 784 1472 obscurat,
806 1398 866 1457 alte
882 1397 1020 1474 repetitis
1034 1397 1187 1458 historicis
1202 1397 1351 1456 coniectu-

305 1502 349 1560 ris
370 1500 561 1576 illustranda,
584 1503 741 1580 omniaque
764 1504 966 1562 confirmanda
984 1504 1146 1580 exemplis,
1167 1503 1206 1562 ad
1221 1520 1352 1562 eommu-

306 1624 377 1664 nem
396 1606 629 1683 intelligentiam
650 1608 783 1668 delectis.
828 1608 869 1667 Ut
883 1627 954 1668 vero
976 1609 1085 1668 clarius
1108 1613 1262 1686 appareat,
1285 1609 1351 1685 qui·

305 1712 362 1770 bna
398 1711 587 1788 potissimum
622 1713 790 1789 praeceptis
824 1718 947 1789 regatur
982 1713 1140 1772 Homerica
1176 1713 1352 1787 emendatio,

306 1818 436 1876 maximo
459 1817 558 1876 studio
578 1818 612 1876 in
626 1818 765 1877 tradaticii
780 1822 883 1877 textus
898 1819 1078 1878 mutationes
1093 1818 1206 1895 inquiri
1228 1822 1351 1895 oportet

306 1921 500 1982 reeensondis
521 1922 654 1982 fontibus
682 1928 714 1982 et
743 1923 849 1982 rivulis
871 1941 991 1998 earum,
1014 1923 1067 2000 qui
1088 1923 1138 1982 vel
1159 1922 1230 1981 olim
1251 1941 1352 1982 mana-

305 2031 432 2101 verunt,
462 2027 513 2087 vel
544 2028 635 2086 etiam
668 2028 756 2086 hodie
790 2032 902 2104 patent.
956 2028 994 2087 In
1027 2028 1083 2087 hae
1118 2027 1237 2087 infinita
1267 2029 1353 2104 copia

306 2151 407 2192 rerum
426 2150 508 2192 nuno
529 2150 565 2192 eo
586 2137 654 2191 utar
682 2138 929 2209 temperamento,
959 2138 993 2191 ut
1019 2133 1194 2209 gmvissima
1217 2150 1351 2210 quaeque

307 2244 338 2297 ot
359 2237 520 2298 utilissima
541 2237 644 2313 paucis
665 2256 825 2315 exsequar,
854 2256 911 2298 nec
932 2239 1047 2316 ipsum,
1078 2256 1167 2315 quem
1197 2236 1352 2314 ingressus

307 2360 390 2417 sum,
412 2360 551 2416 cursum,
579 2342 633 2402 sed
655 2347 804 2402 extremos
826 2347 943 2402 tantum
962 2343 1039 2402 fines
1062 2343 1128 2402 eius
1151 2348 1182 2402 et
1204 2361 1352 2402 summam

306 2464 476 2523 proponam
520 2448 618 2524 Igitur
648 2467 741 2525 quum
775 2448 914 2524 wilgatae
952 2448 1115 2524 scripturae
1150 2447 1352 2507 conditionem

299 2559 339 2622 ¹et
355 2553 421 2612 eius
453 2554 656 2613 reformandae
691 2553 903 2613 necessitatem
937 2554 1079 2630 attigero,
1109 2554 1221 2629 primas
1253 2553 1351 2612 lineas

307 2659 382 2718 dabo
404 2657 639 2736 disquisitionis,
674 2677 733 2735 qua
764 2677 818 2735 per
851 2678 898 2716 aar
926 2663 1028 2716 ortator
1049 2658 1178 2734 disparis
1200 2658 1353 2718 intervalii

307 2767 339 2822 et
370 2764 486 2840 ingenii
515 2764 638 2823 interior
670 2764 795 2823 historia
828 2763 932 2823 critica
967 2765 1073 2822 horum
1106 2763 1279 2823 Carminum
1315 2763 1353 2822 ad

308 2874 443 2928 nostrum
464 2886 560 2946 usque
583 2875 703 2944 tempus
725 2868 897 2928 deducatur.
942 2870 1067 2928 Primam
1086 2873 1201 2926 aetatem
1213 2869 1352 2944 ponimus

307 2975 344 3032 ab
377 2975 481 3050 criptae
512 2975 648 3048 prmum,
681 2974 711 3032 h.
732 2991 758 3032 e.
781 2978 914 3049 tempore
947 2973 1081 3033 cultioris
1110 2973 1210 3048 poesis
1236 2972 1352 3046 Ionum,

307 3073 440 3157 (circiter
461 3083 530 3138 ante
548 3077 615 3138 Chr.
633 3074 718 3158 950.)
738 3079 775 3138 ad
799 3081 992 3153 Ribtratum,
1013 3082 1174 3153 tyrannum
1188 3078 1352 3136 Athenien-

308 3202 386 3258 sem,
412 3183 461 3244 cui
481 3202 499 3242 a
520 3184 673 3244 veteribus
697 3184 824 3242 duorum
843 3202 1014 3260 corporum,
1038 3191 1113 3260 quae
1130 3201 1210 3242 nunc
1230 3182 1352 3256 obtinet,

307 3289 463 3365 dispositio
481 3289 637 3365 tribuitur;
669 3289 708 3348 Π.
730 3307 748 3346 a
769 3291 919 3347 Priatrato
945 3288 983 3347 ad
1004 3288 1182 3362 modorum,
1213 3288 1352 3364 qui'pri-

308 3411 377 3453 mus
404 3411 444 3452 ex
474 3392 682 3452 Grammaticis
711 3393 831 3452 criticae
861 3393 1037 3452 Homericae
1060 3391 1252 3451 celebriorem
1273 3392 1353 3450 viam

307 3499 440 3576 aperuit3
470 3497 526 3557 ΠΙ.
550 3517 568 3557 a
589 3499 722 3556 Zmodoto
742 3498 780 3557 ad
800 3499 952 3572 Apabrram,
986 3501 1108 3574 propter
1136 3501 1231 3556 artam
1261 3497 1353 3555 inter-

307 3603 444 3679 pretandi
476 3608 597 3681 poetae,
631 3608 666 3662 ut
688 3603 802 3664 Seneca
824 3603 942 3678 scribit,
977 3607 1040 3660 tota
1072 3601 1196 3662 Graecia
1226 3601 1352 3660 circum-

307 3708 416 3787 latum3
440 3709 493 3768 IV.
516 3711 552 3769 ab
581 3710 637 3768 hoc
663 3709 735 3768 inde
765 3709 802 3768 ad
832 3709 987 3784 Lorrpiraum
1017 3725 1052 3766 ac
1074 3706 1256 3783 discipulum
1278 3707 1353 3780 eius,

308 3815 510 3892 Porphyrium,
539 3833 638 3892 aquo
665 3819 791 3891 utroque
821 3814 910 3873 lectio
935 3817 967 3872 et
995 3812 1200 3888 interpretatio
1230 3810 1354 3870 Homeri
