2980 4576
554 335 718 390 Pr01080mena·
1110 331 1158 387 191

115 521 303 596 mrioribus
331 525 449 580 tantum
477 521 612 597 partibus
635 521 850 583 Grammaticos
878 520 1000 598 aliquid·
1022 518 1161 579 relictum

115 630 179 684 erat
201 625 386 700 Aristarcho,
414 625 468 685 sed
496 627 587 686 etiam
609 627 641 685 in
666 625 828 686 levissimis
851 625 1042 703 quibusdam,
1071 622 1161 682 utin

114 730 278 790 formarum
304 730 527 790 discriminibus
554 729 730 790 1111111111
760 729 893 806 regulam
916 728 1090 788 revocandis
1100 723 1160 806 ⁸²):

114 854 193 912 quae
215 855 309 914 quum
334 831 336 915 1
360 841 429 912 post
450 835 537 895 illum
558 836 601 895 ita
622 835 798 912 pervulgata
827 835 903 896 facta
926 834 999 908 sint,
1029 838 1064 892 ut
1092 833 1220 892 11111247

113 941 182 1018 ipso
197 939 311 1001 Graeco
333 957 470 1000 sermone
492 946 563 999 nata
583 940 756 1016 videantur,
779 957 923 1016 suppares
939 943 969 999 et
981 936 1161 1015 posteriores

113 1050 222 1122 poetae
244 1050 387 1121 arguunt,
407 1045 497 1121 vulgo
519 1063 579 1104 non
602 1046 757 1106 observata
778 1062 876 1122 neque
891 1045 923 1103 in
940 1043 1088 1104 constanti
1103 1060 1162 1102 usu

112 1151 220 1210 fuisse.
257 1151 301 1210 Ac
323 1151 447 1210 fuerunt
465 1151 536 1210 olim
550 1151 631 1210 haud
648 1150 751 1225 dubie,
774 1151 827 1228 qui
842 1154 993 1227 putarent,
1015 1149 1049 1208 in
1062 1149 1161 1225 prisco

112 1259 204 1332 poeta
225 1255 359 1314 anomala
380 1255 526 1334 quaedam
541 1255 712 1316 istiusmodi
727 1255 849 1316 ferenda
863 1272 944 1329 esse,
966 1271 1022 1313 nec
1037 1253 1161 1330 indigna

112 1360 260 1436 repetitu,
282 1377 358 1438 quas
380 1360 433 1420 1111
455 1361 493 1420 11
514 1363 672 1438 praecepta
694 1379 749 1420 sua
770 1360 868 1436 rigide
888 1363 1063 1419 mutaverat.
1100 1357 1160 1418 Sed

113 1465 273 1526 obscurius
294 1470 341 1525 est
361 1466 419 1526 hoo
444 1469 541 1526 totum
570 1483 667 1542 genus
687 1483 801 1539 rerum,
831 1483 921 1544 quam
950 1469 985 1523 ut
1011 1464 1068 1523 hoo
1096 1462 1161 1522 loco

14 1595 16 1628 1
112 1570 261 1630 illustrari
282 1565 433 1651 queat³³).

111 1777 259 1832 minutulis
284 1777 487 1847 quaestionibus
510 1777 560 1832 illa
587 1780 662 1832 aetas
688 1778 816 1832 haeserit.
862 1777 914 1832 Sed
938 1777 1070 1832 mittenda
1097 1779 1161 1832 sunt

111 1866 182 1920 haec
200 1866 228 1918 ct
245 1864 336 1934 plura,
356 1865 389 1918 de
403 1865 503 1934 quibus
516 1864 545 1917 in
558 1864 602 1918 his
616 1865 761 1934 angustiis
781 1865 881 1934 quibus
893 1881 1034 1934 urgemur,
1053 1881 1161 1919 monere

14 2005 15 2008 ,
111 1952 263 2008 nonlicet.

203 2038 249 2104 32)
270 2039 326 2093 Vix
343 2040 395 2093 hoc
413 2038 620 2108 suspicabamur
638 2041 728 2094 antea:
754 2055 826 2093 nunc
845 2055 879 2092 cx
897 2038 995 2094 Scholl.
1013 2055 1071 2092 rem
1089 2037 1160 2092 clare

111 2127 304 2196 perspicimus.
331 2126 402 2181 Nam
415 2127 487 2196 quod
499 2142 634 2195 nusquam
645 2126 676 2179 in
688 2125 768 2179 Hom.
782 2128 865 2188 θέλω,
885 2130 1021 2194 σιεναχέω
1034 2124 1159 2195 legimus,

111 2231 161 2283 pro
181 2214 278 2276 ἐθέλω,
304 2210 440 2283 στενάχω,
466 2230 601 2283 nusquam
620 2213 726 2282 ἥδυμος
747 2230 795 2282 pro
813 2213 935 2283 νήδυμος
954 2212 1105 2282 (Hymnum
1130 2213 1159 2264 in

14 2371 15 2374 Ἰ
111 2301 196 2355 Marc.
216 2317 295 2354 nemo
315 2301 434 2369 curabit,
452 2317 540 2370 neque
559 2300 667 2354 omnino
686 2299 759 2354 ulus
778 2301 917 2354 doctorum
934 2299 1022 2368 Intpp.
1041 2299 1158 2352 Alexan·

14 2381 15 2384 ’
112 2388 255 2442 drinorum
282 2387 336 2442 ista
362 2387 488 2443 Carmina
513 2386 622 2456 ingenio
647 2376 759 2441 Homeri
783 2386 904 2455 tribuitzt
932 2387 1004 2456 quod
1030 2385 1160 2440 nonnulla

111 2475 197 2530 etiam
219 2477 325 2542 praeter
345 2473 434 2544 legem
459 2473 638 2543 proportionis
664 2473 846 2542 declinantur,
869 2476 901 2528 ut
924 2469 1047 2543 Κάλχαν,
1075 2473 1157 2539 Θόαν,

111 2559 303 2632 Πουλυδάμα,
323 2580 348 2613 α.
367 2561 411 2616 86.
436 2568 460 2629 β.
481 2562 504 2616 1.
529 2562 636 2634 11231.
665 2581 688 2615 ν.
710 2560 769 2618 222.
798 2560 1158 2631 ρ.638.,1111111111111-

110 2651 164 2704 bus
184 2649 278 2702 multis
297 2649 464 2704 Aristarchei
483 2648 580 2703 iudicii
598 2649 749 2716 putandum
768 2651 816 2702 est.

203 2735 249 2802 33)
273 2735 363 2790 Unam
379 2751 437 2789 rem
455 2736 575 2789 breviter
592 2735 734 2805 attingam,
759 2736 859 2790 formas
882 2738 910 2789 11
926 2738 1073 2805 potestates
1097 2753 1158 2808 pro·

112 2823 255 2878 nominum
274 2823 307 2877 ab
326 2821 483 2876 Aristarcho
502 2823 657 2877 accuratius
675 2823 843 2878 constitutas.
879 2824 950 2878 Nam
975 2824 1027 2878 hoc
1053 2839 1158 2895 quoquc

113 2912 149 2965 ad
167 2927 231 2963 eum
248 2909 418 2963 referendum
436 2912 488 2978 cst,
512 2909 584 2979 quod
603 2916 680 2979 σφῶε
699 2927 716 2965 1
734 2917 822 2980 σφῶϊ,
846 2909 894 2962 ἑοῦ
910 2911 944 2966 ab
963 2910 991 2964 do
1014 2895 1158 2982 distinguiss

113 3001 171 3058 tur,
198 2997 270 3066 quod
289 3001 366 3066 σφίν,
387 2996 471 3066 σφός,
496 2985 629 3067 σφέτερος
645 2996 781 3050 communi
799 3013 853 3050 usu
875 2998 908 3051 de
930 2998 1054 3067 pluribus
1077 3015 1158 3052 usur·

114 3087 196 3155 patur
219 3085 248 3137 in
270 3083 351 3139 tertia
373 3100 498 3153 persona,
524 3083 569 3144 ἑός
590 3085 624 3138 11
647 3101 701 3138 uno
725 3086 775 3139 ato.
812 3085 968 3140 1111111.
994 3087 1028 3140 ad
1053 3106 1078 3137 υ.
1097 3086 1158 3141 216.

114 3171 218 3226 1546.
245 3173 267 3223 t.
288 3171 345 3224 142.
381 3169 504 3241 Apollon.
523 3171 559 3226 Π.
583 3189 608 3241 p.
629 3172 687 3227 159.
708 3172 766 3226 169.
786 3172 820 3242 [p.
842 3171 990 3240 158.169.]
1010 3172 1075 3228 alibi
1096 3189 1158 3243 pas·

116 3257 177 3313 sim.
207 3259 346 3313 Nimirum
364 3275 407 3328 aa,
427 3275 496 3329 quae
514 3259 570 3312 leni
584 3260 747 3314 correctione
765 3259 794 3313 in
812 3259 899 3329 potitis
915 3260 1016 3315 11111111
1027 3263 1158 3330 poterant,

116 3347 236 3401 meavit
252 3346 311 3414 ille,
331 3363 400 3415 quae
423 3348 516 3401 autom
537 3347 586 3402 tali
611 3347 770 3403 correctioni
787 3348 985 3419 repugnabant,
1009 3364 1056 3418 pro
1074 3349 1158 3403 inter-

116 3434 216 3502 polatis
238 3433 345 3503 habuit,
365 3435 397 3487 ut
419 3453 442 3489 κ.
460 3433 611 3488 391-399.
636 3437 744 3504 propter
766 3435 836 3489 illud
859 3435 931 3504 μετὰ
954 3440 1062 3505 σφίσιν,
1087 3435 1159 3488 inter

116 3535 171 3574 coa.
191 3520 240 3589 [Cf.
259 3538 284 3589 p.
303 3521 362 3576 257.
381 3539 407 3574 n.
425 3520 478 3588 43]
510 3520 564 3576 Sed
581 3522 632 3576 hac
649 3525 780 3591 potestate
798 3521 963 3592 pronominis
980 3523 1063 3578 huius
1074 3525 1158 3578 offen-

118 3623 165 3662 sus
181 3625 235 3663 non
252 3609 360 3662 ridetur
372 3608 494 3678 Apollon.
508 3608 572 3677 Rh,
593 3625 678 3678 quum
693 3611 807 3664 eandem
818 3610 931 3664 formam
944 3610 1064 3679 posuerit
1076 3611 1159 3666 etiam

118 3695 146 3747 in
162 3695 177 3746 1
189 3711 304 3764 persona
315 3697 348 3749 de
360 3696 484 3765 pluribus
496 3695 537 3764 Π,
557 3695 633 3750 1277.
653 3695 754 3766 [1281]
785 3697 827 3752 Ita
843 3698 920 3767 lapsa
933 3697 984 3751 sub
997 3697 1159 3754 Caesaribus

119 3782 250 3851 5111111111
264 3784 433 3839 accusativos
448 3793 522 3852 σφᾶς
534 3784 632 3842 αὐτούς
648 3783 693 3838 vel
707 3784 736 3836 in
748 3801 826 3853 prosa
839 3787 873 3840 ad
886 3785 1001 3854 primam
1016 3801 1159 3855 personam
