2980 4576
286 292 321 344 94
731 293 895 345 Prolegomeua.

286 473 378 533 sodiis
401 473 557 533 distinctae
586 474 797 550 perpetiitatis
827 475 1037 550 cogitationem
1067 477 1104 534 ab
1126 474 1251 535 Homeri
1267 475 1332 535 loco

285 582 317 637 et
336 577 436 636 indole
458 578 587 636 alienam
617 596 685 638 esse
715 578 870 638 contendo.
915 578 992 637 Nam
1014 597 1113 656 neque
1140 597 1189 639 ars
1212 584 1243 639 et
1265 581 1333 638 iun-

286 688 370 742 otura
395 683 460 757 illa,
493 683 551 742 etsi
584 701 716 742 summas
745 683 851 742 laudes
873 684 996 758 meruit,
1031 684 1074 742 ita
1103 685 1210 743 callida
1232 691 1279 744 est
1301 691 1334 745 et

286 787 421 862 subtilis,
444 792 479 846 ut
501 806 565 847 eam
588 787 697 863 ingens
721 788 893 863 ingenium,
921 789 1099 848 necessariis
1123 789 1265 848 subsidiis
1286 791 1333 848 in-

286 898 448 967 structum,
478 893 529 952 vel
560 893 625 952 sine
657 892 796 969 exemplo
824 893 946 968 assequi
967 911 1028 951 non
1051 893 1200 970 potuisse,
1233 913 1332 972 neque

284 1015 355 1056 vero
384 999 503 1072 eadem,
530 1003 565 1056 ut
592 999 712 1074 opinor,
741 998 774 1056 in
803 998 934 1056 maximo
965 998 1036 1056 olim
1064 1016 1188 1058 numero
1211 1000 1333 1076 rhapso-

184 1123 187 1130 ·
285 1103 417 1178 diarum,
451 1103 493 1161 ita
528 1103 660 1162 difficilis
689 1107 811 1177 repertu
844 1103 918 1176 fuit,
952 1107 987 1161 ut
1020 1104 1194 1178 posterioris
1226 1105 1334 1163 aetatis

286 1207 394 1267 studiis
423 1212 454 1267 et
479 1207 644 1283 elegantiae
672 1225 733 1266 non
760 1207 920 1266 tribuenda
949 1207 1094 1266 videatur.
1139 1209 1238 1285 Atque
1259 1209 1335 1268 haee

285 1313 360 1371 ratio
391 1330 425 1371 eo
457 1313 637 1389 probabilior
666 1314 733 1386 fret,
767 1311 794 1371 si
826 1312 863 1370 ab
891 1313 957 1387 ipso
989 1313 1086 1388 primo
1106 1319 1225 1372 auctore
1247 1314 1335 1375 filum

285 1417 404 1476 fabulae
425 1419 486 1475 iam
507 1418 697 1494 aliquatenus
719 1416 883 1490 deductum
906 1433 973 1475 esse
996 1418 1156 1493 apparebit.

736 1548 876 1613 XXIX.

374 1672 434 1733 Sed
456 1672 533 1730 illud
554 1673 656 1730 forsan
669 1672 774 1730 ludere
790 1676 850 1746 est,
873 1689 934 1729 non
949 1671 1133 1746 ratiocinari,
1155 1671 1333 1746 praesertim

286 1779 318 1836 in
339 1781 423 1836 tanta
454 1777 628 1836 auctoritate
662 1777 797 1852 vulgaris
830 1776 1040 1853 persuasionis.
1087 1775 1165 1850 Quid
1187 1795 1271 1852 ergo,
1305 1775 1334 1834 si

285 1882 456 1940 Aristotelis
478 1882 563 1957 leges
586 1881 701 1957 apicas,
725 1885 874 1958 quatenus
896 1881 949 1939 illa
971 1882 1163 1957 persuasione
1185 1881 1334 1956 nituntur,

286 1988 477 2046 obturbemus
500 1987 623 2046 vocibus
646 1986 914 2046 Grammaticorum
927 1991 1064 2045 veterum
1088 1987 1236 2059 omnium,
1259 2003 1334 2063 quo-

286 2111 354 2150 rum
384 2091 486 2150 nullus
521 2096 673 2168 superest,
705 2093 758 2169 qui
791 2091 877 2150 novis
910 2091 1098 2151 acuminibus
1127 2091 1164 2150 de
1192 2091 1335 2166 primaria

286 2198 402 2256 actione
417 2196 528 2255 Iliados
542 2197 700 2273 proludat?
745 2195 944 2256 Consentiunt
958 2196 1040 2254 enim
1055 2214 1174 2270 omnes,
1189 2195 1221 2254 in
1237 2194 1333 2254 iliade

227 2302 279 2356 124
287 2301 433 2362 contineri
462 2306 540 2378 qesta
565 2303 731 2360 Graecorum
765 2305 791 2358 et
814 2303 996 2360 limenorum
1020 2296 1023 2382 l
1047 2301 1085 2358 ud
1104 2301 1206 2374 Ilium,
1237 2305 1281 2375 et,
1304 2300 1333 2358 si

286 2407 359 2484 quid
392 2407 521 2482 addunt,
547 2408 645 2482 fortio
669 2409 754 2484 sactu
785 2407 916 2465 Achilla.
968 2406 1015 2464 Ita
1047 2406 1081 2464 in
1113 2406 1219 2482 primis
1247 2404 1335 2464 'clare

286 2516 388 2571 auctor
421 2512 490 2571 libri
511 2513 548 2571 de
571 2511 695 2571 Homeri
717 2511 818 2587 poesi,
850 2512 903 2589 qui
938 2512 993 2570 sub
1025 2511 1179 2570 Plutarchi
1212 2511 1335 2568 nomine

286 2616 401 2693 editnr;
430 2617 472 2675 ita
499 2617 675 2676 Hustathius
703 2616 814 2694 ubique
829 2611 880 2697 ⁹⁰).
924 2615 983 2675 Hie
1010 2620 1111 2675 tamen
1143 2615 1220 2673 illud
1247 2615 1334 2690 prius

287 2722 384 2780 solum
404 2721 559 2780 coustituit
578 2739 725 2780 summam
744 2720 908 2792 Carminis,
930 2721 1056 2798 insuper
1070 2719 1198 2778 absurde
1214 2719 1334 2793 domus,

374 2881 419 2948 90)
439 2881 525 2934 Utin
543 2880 664 2935 Prooem.
683 2899 709 2950 p.
728 2879 753 2934 8.
785 2873 856 2933 Ὅτι
882 2881 917 2933 ἔκ
934 2881 990 2946 τῆς
1007 2873 1255 2947 τοῦἈχιλλέως
1274 2879 1335 2948 dp-

288 2971 434 3039 ξάμενος
460 2969 622 3039 μήνιδος,
651 2968 826 3038 ἀφηγήσεται
850 2967 885 3018 τὰ
906 2967 936 3020 ἰν
960 2968 1028 3040 αὐτῇ
1047 2965 1237 3035 συμβεβηκότα
1255 2965 1334 3030 κακὰ,

288 3058 321 3109 οὐ
335 3058 425 3126 μόνον
442 3062 501 3116 τοῖς
513 3053 646 3125 Ἀχαιοῖς,
674 3059 698 3108 εἰ
722 3057 769 3106 καὶ
790 3055 899 3114 τούτοις
916 3055 965 3106 ἐπὶ
985 3056 1082 3116 πλέον,
1109 3053 1176 3116 ἀλλ’,
1201 3055 1237 3112 ὡς
1253 3054 1334 3118 εἰκὸς,

286 3147 333 3196 καὶ
351 3149 411 3203 τοῖς
429 3148 543 3214 Τρωσίν.
579 3143 701 3197 Pertinet
717 3143 770 3196 hoc
794 3159 857 3196 oum
875 3141 951 3210 aliis,
977 3157 1046 3209 quae
1071 3140 1173 3194 ibidem
1191 3140 1335 3209 disputan-

286 3233 345 3300 tur,
373 3232 407 3286 ad
431 3230 564 3285 celebrem
592 3231 790 3299 quaestionem,
819 3247 867 3283 our
893 3228 1075 3283 narrationem
1098 3227 1208 3280 demum
1234 3228 1269 3282 ab
1294 3229 1336 3283 ira

286 3319 403 3373 Achillis
423 3334 535 3372 exorsus
555 3319 592 3371 sit
608 3317 751 3372 Homerus.
787 3317 903 3372 Diversa
923 3317 1013 3370 fatuae
1032 3315 1231 3382 superstitionis
1251 3332 1334 3384 qnae-

287 3407 340 3460 stio
362 3405 428 3474 fuit,
456 3423 505 3459 cur
533 3404 753 3474 splendidissimo
780 3404 855 3472 operi
882 3405 991 3458 foedum
1016 3405 1043 3456 et
1065 3403 1214 3456 infaustum
1236 3419 1335 3458 noman

288 3494 406 3564 μήνιδος
423 3493 584 3561 praefixerit.
621 3492 787 3546 Alterutram
811 3494 859 3546 aut
879 3492 969 3560 potius
988 3491 1071 3560 hano,
1096 3507 1177 3560 quam
1195 3507 1282 3560 nuper
1299 3508 1335 3545 ex

288 3581 405 3637 Scholiis
425 3581 585 3650 didicimus,
604 3581 676 3634 ridet
693 3579 805 3633 Lucian.
824 3580 852 3633 Τ.
870 3579 906 3633 Π.
925 3578 1000 3646 [Ver.
1019 3578 1090 3632 Hist.
1108 3578 1145 3646 H,
1159 3577 1214 3646 20.]
1232 3596 1258 3647 p.
1273 3579 1334 3632 117.

289 3669 429 3738 [editionis
447 3667 618 3736 Reitzianae,
637 3667 833 3722 Amstelodami
854 3684 876 3722 a.
895 3665 998 3735 1743.],
1017 3666 1065 3721 ubi
1082 3664 1210 3719 Hedelini
1229 3666 1335 3721 somnia

288 3755 384 3810 acerbe
406 3755 578 3824 exagitantur
596 3754 704 3818 aldose
723 3753 829 3809 Solane.
