2980 4576
533 343 698 396 Prolegomena.
1097 345 1146 396 177

118 413 312 424 -——-—-...-
339 420 408 425 ,,-,-
419 421 469 424 -,
493 421 554 426 ,.,.,,

116 521 141 576 et
159 519 246 580 libros
269 523 335 584 eius
355 524 449 584 multo
467 525 568 585 minus
586 543 675 602 quam
689 525 897 603 Aristophanis
912 526 1059 599 norimus,
1080 524 1145 600 ipse

116 621 250 703 hodieque
272 628 304 686 in
327 629 436 704 vidgus
458 630 603 690 celebrior
626 630 667 689 sit
688 634 720 690 et
740 630 939 707 Aristophane
968 634 999 690 et
1021 627 1147 706 reliquis

115 730 252 806 omnibus,
276 733 329 810 qui
345 727 349 812 Ι
365 733 435 793 ch
452 735 484 793 in
506 735 562 795 hoc
584 735 708 794 minime
731 734 843 794 illustri
864 753 976 812 genere
997 733 1209 794 doctrinae229

114 832 336 918 elaborarimtl).

192 939 306 1001 Dicitur
320 943 511 1004 Aristarchus
533 945 662 1021 amplius
676 944 777 1005 Duco
794 944 1029 1006 Commentarios
1051 961 1148 1018 grem-

113 1043 227 1104 matieos
249 1051 279 1105 et
301 1048 420 1108 criticos
441 1049 669 1126 conscripsisse,
691 1068 739 1123 ec,
762 1050 789 1108 si
810 1048 933 1110 Suidam
957 1052 1037 1108 recte
1059 1047 1148 1106 intel-

112 1144 178 1221 hgo‚
214 1151 291 1208 nihil
318 1152 401 1211 aliud
431 1170 521 1230 quam
550 1153 785 1214 Commentarios
796 1149 829 1235 ⁸).
882 1153 996 1213 Verum
1026 1152 1085 1225 illi,
1115 1152 1148 1210 in

110 1326 270 1400 Latinorum,
295 1332 442 1403 inprimis
466 1334 572 1389 Horatii
597 1336 653 1390 Art.
678 1337 747 1404 polit.
769 1334 829 1388 450.
856 1333 993 1389 Ciceronis
1019 1332 1085 1401 pr.
1114 1331 1147 1384 ad

110 1417 160 1470 lu.
258 1461 264 1472 .

178 1418 296 1570 Iblilnr
317 1507 520 1576 grammaticam
546 1508 694 1564 doctrinam
717 1508 827 1560 minime
851 1507 984 1560 illustrem
1006 1507 1148 1576 appellem.

108 1606 184 1660 prope
201 1593 365 1661 intelligent,
390 1595 489 1663 quihus
508 1596 693 1663 antiquarum,
716 1595 875 1664 praesertim
893 1595 1054 1660 liberarum,
1079 1595 1147 1648 civi-

22 1697 23 1750 l
107 1679 188 1732 tatum
210 1697 298 1736 mores
319 1684 346 1735 et
370 1683 461 1736 studia
485 1684 593 1752 cognita
613 1685 684 1736 sunt.
720 1683 761 1737 De
784 1684 884 1752 quihus
900 1683 983 1737 verbo
1002 1683 1095 1736 monui
1114 1683 1148 1737 ad

107 1782 129 1832 p.
142 1766 183 1820 48.
216 1767 269 1822 Sed
286 1769 316 1821 in
333 1770 447 1838 utroque
466 1769 576 1839 popule,
595 1773 626 1824 ut
643 1787 765 1840 quaeque
784 1787 826 1826 ars
845 1772 873 1824 et
891 1771 1005 1824 scientia
1023 1771 1149 1826 subtilior

22 1863 24 1916 ᾗ
107 1856 160 1907 erat
171 1857 198 1907 et
209 1871 244 1908 ex
255 1856 433 1910 abditioribus
446 1857 564 1911 lontibus
577 1857 738 1926 haurienda,
751 1859 791 1912 ita
803 1858 894 1912 minus
909 1859 1009 1928 gratiae
1024 1862 1052 1911 et
1064 1859 1147 1914 hono·

106 1939 140 1993 ris
158 1941 272 1996 hahebat
290 1943 319 1996 in
331 1942 439 2012 vulgus.
469 1943 565 2013 Itaque
583 1945 628 1998 vel
640 1944 848 1998 utihssinrarum
861 1961 952 1998 rerum
966 1945 1060 2013 periti,
1080 1945 1147 1999 Geo-

22 2027 23 2030 ’
106 2030 216 2094 metrae,
235 2030 402 2097 Astronomi‚
421 2029 533 2098 Medici,
553 2031 727 2086 Grammatici
746 2033 774 2085 et
789 2031 883 2086 Oritici
895 2048 979 2100 paene
992 2033 1146 2085 contemne-

105 2113 199 2168 bantur
217 2132 279 2184 prae
299 2116 408 2170 Oratore
427 2120 454 2170 et
469 2133 559 2171 rerum
578 2118 702 2172 civilium
719 2119 863 2186 prudente:
892 2119 950 2187 ipse
970 2118 1147 2173 Archimedes

22 2189 23 2220 ³
104 2198 212 2252 humilis
238 2202 420 2255 immedicatae
446 2206 488 2258 est
513 2205 548 2258 ad
573 2204 711 2259 Platonem
740 2206 767 2258 et
789 2205 945 2273 Archytam.
990 2203 1148 2274 Quanquam

22 2307 23 2340 z
103 2287 186 2342 fastus
204 2289 250 2342 hic
269 2291 311 2344 est
327 2290 521 2359 Romanorum,
540 2292 587 2360 qui
606 2292 704 2359 magiS,
724 2309 805 2361 quam
824 2308 943 2360 unquam
961 2292 1056 2346 Graeci
1075 2292 1147 2346 feee-

23 2365 25 2400 ᾗ
103 2378 177 2433 runt,
196 2376 320 2431 liberaHa
337 2378 428 2433 studio
445 2379 479 2432 ad
492 2377 623 2432 lucellum
635 2379 676 2432 rei
688 2378 812 2448 puhhoae
825 2380 852 2433 et
865 2378 1021 2447 popularem
1035 2378 1148 2447 gloriam

102 2463 269 2516 revocabant.
306 2463 381 2518 (loni.
400 2464 500 2519 Mureti
518 2465 582 2520 Var.
602 2465 687 2519 Lectt.
705 2465 758 2533 VI,
779 2466 803 2517 1.
822 2465 870 2519 ubi
889 2482 958 2534 quae
977 2467 1010 2520 de
1029 2465 1148 2536 philoso-

103 2549 164 2614 phia
182 2549 322 2618 dinanum,
341 2552 428 2605 mrilto
447 2552 529 2606 eliam
547 2552 654 2606 veriora
672 2555 736 2607 sunt
756 2553 788 2606 de
807 2552 990 2618 grammaticis
1006 2552 1113 2607 studiis.

185 2635 216 2702 8)
234 2636 304 2691 Nam
324 2639 451 2708 ambigua
469 2641 533 2693 sunt
550 2641 633 2694 verba
651 2637 750 2694 Suidae
767 2657 794 2692 v.
810 2635 998 2708 Ἀρίσταρχοςε
1027 2643 1150 2708 Λέγεται

100 2724 208 2790 γράψαι
232 2724 299 2792 ὑπὲρ
317 2720 345 2776 ω’
365 2728 457 2792 βιβλία
479 2727 734 2796 ὑπομνημάτων
751 2726 869 2795 μόνων,
901 2725 954 2779 Sed
971 2743 1106 2795 nusquam
1119 2727 1149 2779 in

100 2810 139 2862 tot
156 2809 226 2864 locis
244 2812 367 2864 veterum
386 2812 472 2866 ullmn
491 2813 629 2881 proprium
648 2828 715 2881 opus
728 2813 879 2866 Aristarchi
892 2813 1100 2881 memoratur,*)
1118 2814 1150 2866 ut

100 2895 153 2950 hnc
171 2897 345 2965 potissimum
364 2899 497 2966 pertinere
516 2901 609 2968 putem
627 2916 643 2954 a
662 2899 795 2968 Porphyr.
813 2900 843 2952 in
861 2899 926 2955 Hor.
944 2900 1041 2970 Epistt.
1062 2900 1102 2970 ΙΙ,
1124 2902 1148 2967 1,

101 2981 159 3035 257.
181 2986 319 3037 servatum
337 2985 440 3038 dictum
456 2986 618 3054 Aristarchi,
637 2986 685 3052 qui
703 3002 785 3052 quum
799 2985 886 3038 multa
897 2986 1102 3053 reprehenderit
1118 2987 1149 3038 e'u

101 3069 229 3135 Homero,
249 3071 450 3141 (interrogatus,
471 3075 548 3141 puta,
568 3073 717 3142 abaliquo,
737 3089 786 3127 cur
804 3089 857 3126 non
876 3074 934 3142 ipse
949 3073 1062 3128 Carmen
1076 3090 1148 3127 oom-

100 3159 213 3225 poneret
230 3158 265 3210 ad
282 3158 398 3226 optimas
416 3159 491 3228 leges
509 3160 600 3226 artis)
625 3159 730 3224 aiebat,
755 3158 867 3225 Neque
890 3175 923 3211 ee
941 3174 1041 3226 posse
1064 3159 1148 3211 ocei-

100 3242 186 3308 heee,
212 3244 485 3308 quemadmodum
503 3246 613 3311 uellet,
639 3262 740 3312 meque
758 3246 854 3310 celle,
880 3245 1149 3312 quemadmodum

95 3335 218 3395 posset.
254 3329 336 3386 Haud
358 3333 475 3387 absurda
492 3334 610 3402 profecto
629 3351 694 3400 vox,
719 3336 746 3387 et
770 3333 930 3402 prudentiae
948 3335 1149 3403 modestiaeque

99 3417 194 3486 plena3
216 3418 367 3489 similisque
386 3422 428 3474 est
446 3421 582 3475 sententia
598 3423 706 3489 poetae,
726 3421 845 3488 li'uupur
861 3419 917 3473 uice
937 3421 1003 3474 cotie
1022 3424 1072 3476 etc.

189 3581 220 3636 [')
238 3581 351 3634 Fugerunt
369 3581 475 3625 Wolfium
496 3582 591 3637 scripta,
612 3594 667 3636 quae
688 3573 857 3636 ὑπομνήμασιν
878 3585 1017 3637 opponuntur
1035 3584 1073 3636 (ol.
1092 3585 1150 3626 infra

99 3663 122 3706 p.
133 3652 186 3706 244,
201 3653 249 3704 30)1
265 3645 435 3710 συγγράμματα
449 3647 510 3711 πρὸς
520 3651 630 3705 cremam,
646 3645 707 3711 πρὸς
717 3645 832 3707 Κομανόν,
848 3647 909 3711 πρὸς
920 3647 947 3693 ed
959 3653 1063 3699 Ξένωνος
1072 3649 1150 3713 παρά-

100 3711 179 3768 δοξον,
195 3721 248 3779 περὶ
262 3713 360 3768 Ἰλιάδος
373 3722 413 3762 nal
427 3713 565 3770 Ὀδυσσείας,
581 3721 635 3782 περὶ
651 3723 695 3762 τοῦ
709 3717 876 3777 ναυστάθμου,
891 3726 917 3767 nt
931 3725 1035 3778 emeruit
1044 3725 1149 3768 Lehmius

100 3804 122 3845 p.
140 3793 169 3834 24
181 3805 215 3846 sq.
231 3793 265 3834 od.
280 3793 298 3835 I.
314 3794 347 3836 cf.
363 3794 430 3836 etiam
445 3793 605 3847 Sengehuschii
620 3794 757 3836 Homericam
771 3795 859 3838 dissert.
874 3797 968 3849 priorem
980 3807 1003 3849 p.
1019 3794 1064 3848 29.]

152 3878 256 3921 Wolfii
273 3879 437 3932 Prolegomena.
465 3879 541 3922 Editio
555 3879 594 3922 ΠΙ.
937 3875 974 3930 12
