<?xml version="1.0" encoding="UTF-8"?>
<!DOCTYPE html PUBLIC "-//W3C//DTD XHTML 1.0 Transitional//EN"
    "http://www.w3.org/TR/xhtml1/DTD/xhtml1-transitional.dtd">
<html xmlns="http://www.w3.org/1999/xhtml" xml:lang="en" lang="en">
 <head>
  <title>
</title>
<meta http-equiv="Content-Type" content="text/html;charset=utf-8" />
  <meta name='ocr-system' content='tesseract 3.04.00' />
  <meta name='ocr-capabilities' content='ocr_page ocr_carea ocr_par ocr_line ocrx_word'/>
</head>
<body>
  <div class='ocr_page' id='page_1' title='image "./prolegomenaadho05wolfgoog/prolegomenaadho05wolfgoog_0096.png"; bbox 0 0 3048 4588; ppageno 0'>
   <div class='ocr_carea' id='block_1_1' title="bbox 784 526 908 592">
    <p class='ocr_par' dir='ltr' id='par_1_1' title="bbox 784 526 908 592">
     <span class='ocr_line' id='line_1_1' title="bbox 784 526 908 592; baseline -0.008 0"><span class='ocrx_word' id='word_1_1' title='bbox 784 526 908 592; x_wconf 90' lang='lat' dir='ltr'>XXV.</span> 
     </span>
    </p>
   </div>
   <div class='ocr_carea' id='block_1_2' title="bbox 322 665 1370 937">
    <p class='ocr_par' dir='ltr' id='par_1_2' title="bbox 322 665 1370 937">
     <span class='ocr_line' id='line_1_2' title="bbox 409 665 1370 742; baseline 0 -17"><span class='ocrx_word' id='word_1_2' title='bbox 409 665 492 726; x_wconf 90' lang='lat' dir='ltr'>Haec</span> <span class='ocrx_word' id='word_1_3' title='bbox 514 671 613 726; x_wconf 89' lang='lat' dir='ltr'>autem</span> <span class='ocrx_word' id='word_1_4' title='bbox 634 667 785 742; x_wconf 86' lang='lat' dir='ltr'>reputanti</span> <span class='ocrx_word' id='word_1_5' title='bbox 808 666 884 726; x_wconf 88' lang='lat' dir='ltr'>mihi</span> <span class='ocrx_word' id='word_1_6' title='bbox 905 666 1098 724; x_wconf 86' lang='lat' dir='ltr'>vehementer</span> <span class='ocrx_word' id='word_1_7' title='bbox 1117 683 1215 725; x_wconf 90' lang='lat' dir='ltr'>errare</span> <span class='ocrx_word' id='word_1_8' title='bbox 1230 667 1370 725; x_wconf 89' lang='lat' dir='ltr'>videntur</span> 
     </span>
     <span class='ocr_line' id='line_1_3' title="bbox 322 771 1369 849; baseline 0.003 -21"><span class='ocrx_word' id='word_1_9' title='bbox 322 771 360 846; x_wconf 88' lang='lat' dir='ltr'>ii,</span> <span class='ocrx_word' id='word_1_10' title='bbox 391 771 443 849; x_wconf 90' lang='lat' dir='ltr'>qui</span> <span class='ocrx_word' id='word_1_11' title='bbox 470 776 577 848; x_wconf 82' lang='lat' dir='ltr'>putant</span> <span class='ocrx_word' id='word_1_12' title='bbox 603 772 713 831; x_wconf 88' lang='lat' dir='ltr'>litteris</span> <span class='ocrx_word' id='word_1_13' title='bbox 744 790 805 831; x_wconf 93' lang='lat' dir='ltr'>non</span> <span class='ocrx_word' id='word_1_14' title='bbox 835 790 925 831; x_wconf 92' lang='lat' dir='ltr'>usum</span> <span class='ocrx_word' id='word_1_15' title='bbox 952 771 1117 830; x_wconf 85' lang='lat' dir='ltr'><strong>Homerum</strong></span> <span class='ocrx_word' id='word_1_16' title='bbox 1144 771 1246 831; x_wconf 89' lang='lat' dir='ltr'>statim</span> <span class='ocrx_word' id='word_1_17' title='bbox 1273 776 1369 831; x_wconf 89' lang='lat' dir='ltr'>totum</span> 
     </span>
     <span class='ocr_line' id='line_1_4' title="bbox 323 875 1370 937; baseline 0.002 -4"><span class='ocrx_word' id='word_1_18' title='bbox 323 875 474 935; x_wconf 87' lang='lat' dir='ltr'>immutari</span> <span class='ocrx_word' id='word_1_19' title='bbox 497 882 527 936; x_wconf 89' lang='lat' dir='ltr'>et</span> <span class='ocrx_word' id='word_1_20' title='bbox 550 878 598 936; x_wconf 89' lang='lat' dir='ltr'>sui</span> <span class='ocrx_word' id='word_1_21' title='bbox 625 876 804 937; x_wconf 89' lang='lat' dir='ltr'>dissimilem</span> <span class='ocrx_word' id='word_1_22' title='bbox 832 877 917 937; x_wconf 84' lang='lat' dir='ltr'>reddi</span> <span class='ocrx_word' id='word_1_23' title='bbox 940 894 1064 936; x_wconf 89' lang='lat' dir='ltr'>necesse</span> <span class='ocrx_word' id='word_1_24' title='bbox 1085 876 1188 935; x_wconf 80' lang='lat' dir='ltr'>fuisse.</span> <span class='ocrx_word' id='word_1_25' title='bbox 1232 877 1268 937; x_wconf 92' lang='lat' dir='ltr'>Id</span> <span class='ocrx_word' id='word_1_26' title='bbox 1291 877 1370 936; x_wconf 87' lang='lat' dir='ltr'>soili-</span> 
     </span>
    </p>
   </div>
   <div class='ocr_carea' id='block_1_3' title="bbox 265 981 1372 1688">
    <p class='ocr_par' dir='ltr' id='par_1_3' title="bbox 265 981 1372 1688">
     <span class='ocr_line' id='line_1_5' title="bbox 324 981 1371 1058; baseline 0 -18"><span class='ocrx_word' id='word_1_27' title='bbox 324 985 372 1040; x_wconf 88' lang='lat' dir='ltr'>oet</span> <span class='ocrx_word' id='word_1_28' title='bbox 391 982 540 1042; x_wconf 87' lang='lat' dir='ltr'>effecisset</span> <span class='ocrx_word' id='word_1_29' title='bbox 561 1001 636 1057; x_wconf 86' lang='lat' dir='ltr'>vaga</span> <span class='ocrx_word' id='word_1_30' title='bbox 658 983 786 1057; x_wconf 78' lang='lat' dir='ltr'>auditio,</span> <span class='ocrx_word' id='word_1_31' title='bbox 817 1001 878 1041; x_wconf 90' lang='lat' dir='ltr'>non</span> <span class='ocrx_word' id='word_1_32' title='bbox 897 981 1032 1058; x_wconf 87' lang='lat' dir='ltr'>legitima</span> <span class='ocrx_word' id='word_1_33' title='bbox 1061 986 1092 1040; x_wconf 93' lang='lat' dir='ltr'>et</span> <span class='ocrx_word' id='word_1_34' title='bbox 1111 982 1186 1041; x_wconf 91' lang='lat' dir='ltr'>bene</span> <span class='ocrx_word' id='word_1_35' title='bbox 1208 983 1371 1058; x_wconf 86' lang='lat' dir='ltr'>composita</span> 
     </span>
     <span class='ocr_line' id='line_1_6' title="bbox 265 1075 1371 1166; baseline 0.002 -22"><span class='ocrx_word' id='word_1_36' title='bbox 265 1077 316 1131; x_wconf 82' lang='lat'>105</span> <span class='ocrx_word' id='word_1_37' title='bbox 325 1075 529 1144; x_wconf 79' lang='grc' dir='ltr'><strong><em>διδασκαλία.</em></strong></span> <span class='ocrx_word' id='word_1_38' title='bbox 555 1079 559 1166; x_wconf 71' lang='lat' dir='ltr'>l</span> <span class='ocrx_word' id='word_1_39' title='bbox 582 1087 799 1146; x_wconf 81' lang='lat' dir='ltr'>Verumtamen</span> <span class='ocrx_word' id='word_1_40' title='bbox 821 1087 881 1164; x_wconf 88' lang='lat' dir='ltr'>ipsi</span> <span class='ocrx_word' id='word_1_41' title='bbox 896 1090 1015 1146; x_wconf 88' lang='lat' dir='ltr'>veteres</span> <span class='ocrx_word' id='word_1_42' title='bbox 1037 1106 1055 1144; x_wconf 92' lang='lat' dir='ltr'>a</span> <span class='ocrx_word' id='word_1_43' title='bbox 1077 1087 1233 1162; x_wconf 88' lang='lat' dir='ltr'>rhapsodis</span> <span class='ocrx_word' id='word_1_44' title='bbox 1255 1091 1371 1163; x_wconf 78' lang='lat' dir='ltr'>repete</span> 
     </span>
     <span class='ocr_line' id='line_1_7' title="bbox 323 1191 1371 1269; baseline 0.001 -19"><span class='ocrx_word' id='word_1_45' title='bbox 323 1191 396 1250; x_wconf 91' lang='lat' dir='ltr'>bant</span> <span class='ocrx_word' id='word_1_46' title='bbox 417 1191 562 1268; x_wconf 83' lang='lat' dir='ltr'>originem</span> <span class='ocrx_word' id='word_1_47' title='bbox 583 1192 733 1250; x_wconf 80' lang='lat' dir='ltr'>variarum</span> <span class='ocrx_word' id='word_1_48' title='bbox 753 1192 932 1265; x_wconf 88' lang='lat' dir='ltr'>lectionum,</span> <span class='ocrx_word' id='word_1_49' title='bbox 953 1192 986 1249; x_wconf 90' lang='lat' dir='ltr'>in</span> <span class='ocrx_word' id='word_1_50' title='bbox 1008 1209 1170 1269; x_wconf 91' lang='lat' dir='ltr'>eorumque</span> <span class='ocrx_word' id='word_1_51' title='bbox 1193 1192 1371 1251; x_wconf 87' lang='lat' dir='ltr'>creberrimo</span> 
     </span>
     <span class='ocr_line' id='line_1_8' title="bbox 324 1284 1371 1374; baseline 0.003 -21"><span class='ocrx_word' id='word_1_52' title='bbox 324 1299 415 1354; x_wconf 87' lang='lat' dir='ltr'>cantu</span> <span class='ocrx_word' id='word_1_53' title='bbox 444 1284 638 1373; x_wconf 88' lang='lat' dir='ltr'>praecipuum</span> <span class='ocrx_word' id='word_1_54' title='bbox 666 1297 780 1358; x_wconf 87' lang='lat' dir='ltr'>fontem</span> <span class='ocrx_word' id='word_1_55' title='bbox 802 1297 943 1356; x_wconf 86' lang='lat' dir='ltr'>videbant</span> <span class='ocrx_word' id='word_1_56' title='bbox 965 1297 1162 1372; x_wconf 80' lang='lat' dir='ltr'>corruptionis</span> <span class='ocrx_word' id='word_1_57' title='bbox 1188 1302 1219 1356; x_wconf 93' lang='lat' dir='ltr'>et</span> <span class='ocrx_word' id='word_1_58' title='bbox 1240 1297 1371 1374; x_wconf 86' lang='lat' dir='ltr'>interpo-</span> 
     </span>
     <span class='ocr_line' id='line_1_9' title="bbox 322 1400 1372 1478; baseline 0.003 -20"><span class='ocrx_word' id='word_1_59' title='bbox 322 1401 443 1459; x_wconf 80' lang='lat' dir='ltr'>lationis</span> <span class='ocrx_word' id='word_1_60' title='bbox 472 1400 654 1461; x_wconf 88' lang='lat' dir='ltr'>Homericae.</span> <span class='ocrx_word' id='word_1_61' title='bbox 701 1403 800 1478; x_wconf 84' lang='lat' dir='ltr'>Atque</span> <span class='ocrx_word' id='word_1_62' title='bbox 831 1401 888 1460; x_wconf 89' lang='lat' dir='ltr'>hoc</span> <span class='ocrx_word' id='word_1_63' title='bbox 909 1401 1068 1475; x_wconf 87' lang='lat' dir='ltr'>iudicium,</span> <span class='ocrx_word' id='word_1_64' title='bbox 1101 1402 1137 1460; x_wconf 91' lang='lat' dir='ltr'>ab</span> <span class='ocrx_word' id='word_1_65' title='bbox 1159 1401 1372 1461; x_wconf 82' lang='lat' dir='ltr'>Alexandrinis</span> 
     </span>
     <span class='ocr_line' id='line_1_10' title="bbox 324 1502 1370 1588; baseline 0.003 -25"><span class='ocrx_word' id='word_1_66' title='bbox 324 1503 443 1564; x_wconf 82' lang='lat' dir='ltr'>Critiois</span> <span class='ocrx_word' id='word_1_67' title='bbox 464 1502 700 1588; x_wconf 75' lang='lat' dir='ltr'>profoounn⁷⁶),</span> <span class='ocrx_word' id='word_1_68' title='bbox 732 1507 878 1566; x_wconf 88' lang='lat' dir='ltr'>eiusmodi</span> <span class='ocrx_word' id='word_1_69' title='bbox 897 1511 957 1581; x_wconf 85' lang='lat' dir='ltr'>est,</span> <span class='ocrx_word' id='word_1_70' title='bbox 988 1510 1022 1566; x_wconf 94' lang='lat' dir='ltr'>ut</span> <span class='ocrx_word' id='word_1_71' title='bbox 1044 1511 1150 1565; x_wconf 87' lang='lat' dir='ltr'>natura</span> <span class='ocrx_word' id='word_1_72' title='bbox 1172 1507 1216 1566; x_wconf 90' lang='lat' dir='ltr'>rei</span> <span class='ocrx_word' id='word_1_73' title='bbox 1239 1508 1370 1582; x_wconf 84' lang='lat' dir='ltr'>cogitan-</span> 
     </span>
     <span class='ocr_line' id='line_1_11' title="bbox 323 1609 1371 1688; baseline -0.001 -18"><span class='ocrx_word' id='word_1_74' title='bbox 323 1615 385 1670; x_wconf 91' lang='lat' dir='ltr'>tem</span> <span class='ocrx_word' id='word_1_75' title='bbox 407 1609 493 1670; x_wconf 89' lang='lat' dir='ltr'>facile</span> <span class='ocrx_word' id='word_1_76' title='bbox 528 1611 634 1670; x_wconf 89' lang='lat' dir='ltr'>eodem</span> <span class='ocrx_word' id='word_1_77' title='bbox 667 1611 820 1687; x_wconf 88' lang='lat' dir='ltr'>perducat.</span> <span class='ocrx_word' id='word_1_78' title='bbox 865 1611 971 1688; x_wconf 90' lang='lat' dir='ltr'>Neque</span> <span class='ocrx_word' id='word_1_79' title='bbox 1000 1612 1083 1670; x_wconf 89' lang='lat' dir='ltr'>enim</span> <span class='ocrx_word' id='word_1_80' title='bbox 1111 1629 1150 1670; x_wconf 97' lang='lat' dir='ltr'>ne</span> <span class='ocrx_word' id='word_1_81' title='bbox 1179 1611 1371 1671; x_wconf 88' lang='lat' dir='ltr'>tenacissima</span> 
     </span>
    </p>
   </div>
   <div class='ocr_carea' id='block_1_4' title="bbox 230 1715 1373 3586">
    <p class='ocr_par' dir='ltr' id='par_1_4' title="bbox 324 1715 1370 1793">
     <span class='ocr_line' id='line_1_12' title="bbox 324 1715 1370 1793; baseline 0.001 -20"><span class='ocrx_word' id='word_1_82' title='bbox 324 1715 446 1791; x_wconf 89' lang='lat' dir='ltr'>quidem</span> <span class='ocrx_word' id='word_1_83' title='bbox 478 1717 634 1791; x_wconf 89' lang='lat' dir='ltr'>memoria,</span> <span class='ocrx_word' id='word_1_84' title='bbox 666 1736 684 1774; x_wconf 90' lang='lat' dir='ltr'>a</span> <span class='ocrx_word' id='word_1_85' title='bbox 714 1716 834 1792; x_wconf 89' lang='lat' dir='ltr'>scriptis</span> <span class='ocrx_word' id='word_1_86' title='bbox 867 1716 1088 1793; x_wconf 82' lang='lat' dir='ltr'>exemplaribus</span> <span class='ocrx_word' id='word_1_87' title='bbox 1118 1717 1272 1792; x_wconf 85' lang='lat' dir='ltr'>destituta,</span> <span class='ocrx_word' id='word_1_88' title='bbox 1308 1734 1370 1774; x_wconf 89' lang='lat' dir='ltr'>non</span> 
     </span>
    </p>

    <p class='ocr_par' dir='ltr' id='par_1_5' title="bbox 230 1821 1373 3266">
     <span class='ocr_line' id='line_1_13' title="bbox 230 1821 1370 1897; baseline 0.003 -21"><span class='ocrx_word' id='word_1_89' title='bbox 230 1871 232 1876; x_wconf 91' lang='lat'><em>.</em></span> <span class='ocrx_word' id='word_1_90' title='bbox 323 1821 443 1880; x_wconf 80' lang='lat' dir='ltr'>vacillat</span> <span class='ocrx_word' id='word_1_91' title='bbox 464 1821 631 1896; x_wconf 88' lang='lat' dir='ltr'>interdum,</span> <span class='ocrx_word' id='word_1_92' title='bbox 654 1826 685 1881; x_wconf 90' lang='lat' dir='ltr'>et</span> <span class='ocrx_word' id='word_1_93' title='bbox 704 1821 861 1897; x_wconf 84' lang='lat' dir='ltr'>paullatim</span> <span class='ocrx_word' id='word_1_94' title='bbox 881 1821 1000 1896; x_wconf 89' lang='lat' dir='ltr'>longius</span> <span class='ocrx_word' id='word_1_95' title='bbox 1019 1840 1038 1878; x_wconf 95' lang='lat' dir='ltr'>a</span> <span class='ocrx_word' id='word_1_96' title='bbox 1058 1821 1118 1880; x_wconf 91' lang='lat' dir='ltr'>fide</span> <span class='ocrx_word' id='word_1_97' title='bbox 1140 1821 1287 1881; x_wconf 88' lang='lat' dir='ltr'>desciscit.</span> <span class='ocrx_word' id='word_1_98' title='bbox 1332 1821 1370 1879; x_wconf 91' lang='lat' dir='ltr'>In</span> 
     </span>
     <span class='ocr_line' id='line_1_14' title="bbox 323 1926 1371 2002; baseline 0 -18"><span class='ocrx_word' id='word_1_99' title='bbox 323 1926 429 2002; x_wconf 88' lang='lat' dir='ltr'>primis</span> <span class='ocrx_word' id='word_1_100' title='bbox 449 1944 519 1985; x_wconf 78' lang='lat' dir='ltr'>vero</span> <span class='ocrx_word' id='word_1_101' title='bbox 542 1927 676 1986; x_wconf 83' lang='lat' dir='ltr'>recitatio</span> <span class='ocrx_word' id='word_1_102' title='bbox 699 1927 778 2002; x_wconf 90' lang='lat' dir='ltr'>ipsa,</span> <span class='ocrx_word' id='word_1_103' title='bbox 813 1926 912 1985; x_wconf 85' lang='lat' dir='ltr'>vivido</span> <span class='ocrx_word' id='word_1_104' title='bbox 945 1927 1061 2002; x_wconf 88' lang='lat' dir='ltr'>impetu</span> <span class='ocrx_word' id='word_1_105' title='bbox 1094 1931 1125 1986; x_wconf 88' lang='lat' dir='ltr'>et</span> <span class='ocrx_word' id='word_1_106' title='bbox 1152 1927 1256 1986; x_wconf 91' lang='lat' dir='ltr'>ardore</span> <span class='ocrx_word' id='word_1_107' title='bbox 1277 1926 1371 1984; x_wconf 89' lang='lat' dir='ltr'>animi</span> 
     </span>
     <span class='ocr_line' id='line_1_15' title="bbox 323 2031 1370 2110; baseline 0 -20"><span class='ocrx_word' id='word_1_108' title='bbox 323 2037 457 2108; x_wconf 86' lang='lat' dir='ltr'>peracta,</span> <span class='ocrx_word' id='word_1_109' title='bbox 479 2033 676 2091; x_wconf 86' lang='lat' dir='ltr'>infirmaverit</span> <span class='ocrx_word' id='word_1_110' title='bbox 698 2038 813 2109; x_wconf 87' lang='lat' dir='ltr'>oportet</span> <span class='ocrx_word' id='word_1_111' title='bbox 835 2032 1023 2106; x_wconf 88' lang='lat' dir='ltr'>memoriam,</span> <span class='ocrx_word' id='word_1_112' title='bbox 1045 2031 1209 2110; x_wconf 87' lang='lat' dir='ltr'>multisque</span> <span class='ocrx_word' id='word_1_113' title='bbox 1232 2033 1370 2090; x_wconf 85' lang='lat' dir='ltr'>mutatio-</span> 
     </span>
     <span class='ocr_line' id='line_1_16' title="bbox 322 2137 1370 2215; baseline -0.001 -20"><span class='ocrx_word' id='word_1_114' title='bbox 322 2138 411 2196; x_wconf 86' lang='lat' dir='ltr'>nibus</span> <span class='ocrx_word' id='word_1_115' title='bbox 435 2155 556 2196; x_wconf 89' lang='lat' dir='ltr'>causam</span> <span class='ocrx_word' id='word_1_116' title='bbox 578 2137 710 2212; x_wconf 87' lang='lat' dir='ltr'>dederit,</span> <span class='ocrx_word' id='word_1_117' title='bbox 733 2138 766 2196; x_wconf 91' lang='lat' dir='ltr'>in</span> <span class='ocrx_word' id='word_1_118' title='bbox 788 2156 822 2196; x_wconf 88' lang='lat' dir='ltr'>eo</span> <span class='ocrx_word' id='word_1_119' title='bbox 842 2139 1018 2214; x_wconf 87' lang='lat' dir='ltr'>praesertim</span> <span class='ocrx_word' id='word_1_120' title='bbox 1033 2155 1186 2212; x_wconf 85' lang='lat' dir='ltr'>sermone,</span> <span class='ocrx_word' id='word_1_121' title='bbox 1209 2138 1262 2214; x_wconf 90' lang='lat' dir='ltr'>qui</span> <span class='ocrx_word' id='word_1_122' title='bbox 1284 2137 1370 2215; x_wconf 88' lang='lat' dir='ltr'>quasi</span> 
     </span>
     <span class='ocr_line' id='line_1_17' title="bbox 325 2243 1370 2320; baseline 0.001 -20"><span class='ocrx_word' id='word_1_123' title='bbox 325 2247 429 2318; x_wconf 88' lang='lat' dir='ltr'>sponte</span> <span class='ocrx_word' id='word_1_124' title='bbox 458 2243 648 2303; x_wconf 82' lang='lat' dir='ltr'>concluderet</span> <span class='ocrx_word' id='word_1_125' title='bbox 679 2261 816 2318; x_wconf 83' lang='lat' dir='ltr'>versum,</span> <span class='ocrx_word' id='word_1_126' title='bbox 848 2261 945 2320; x_wconf 86' lang='lat' dir='ltr'>neque</span> <span class='ocrx_word' id='word_1_127' title='bbox 975 2243 1053 2302; x_wconf 91' lang='lat' dir='ltr'>hanc</span> <span class='ocrx_word' id='word_1_128' title='bbox 1081 2243 1272 2302; x_wconf 86' lang='lat' dir='ltr'>artificiosam</span> <span class='ocrx_word' id='word_1_129' title='bbox 1301 2261 1370 2303; x_wconf 91' lang='lat' dir='ltr'>con-</span> 
     </span>
     <span class='ocr_line' id='line_1_18' title="bbox 324 2347 1370 2425; baseline 0 -19"><span class='ocrx_word' id='word_1_130' title='bbox 324 2347 498 2406; x_wconf 84' lang='lat' dir='ltr'>cinnitatem</span> <span class='ocrx_word' id='word_1_131' title='bbox 526 2348 660 2422; x_wconf 87' lang='lat' dir='ltr'>haberet,</span> <span class='ocrx_word' id='word_1_132' title='bbox 694 2366 770 2425; x_wconf 87' lang='lat' dir='ltr'>quae</span> <span class='ocrx_word' id='word_1_133' title='bbox 804 2347 925 2407; x_wconf 90' lang='lat' dir='ltr'>aliunde</span> <span class='ocrx_word' id='word_1_134' title='bbox 959 2347 1043 2406; x_wconf 85' lang='lat' dir='ltr'>illata</span> <span class='ocrx_word' id='word_1_135' title='bbox 1073 2352 1245 2423; x_wconf 86' lang='lat' dir='ltr'>respueret,</span> <span class='ocrx_word' id='word_1_136' title='bbox 1276 2366 1370 2425; x_wconf 92' lang='lat' dir='ltr'>quum</span> 
     </span>
     <span class='ocr_line' id='line_1_19' title="bbox 325 2451 1371 2530; baseline 0 -20"><span class='ocrx_word' id='word_1_137' title='bbox 325 2452 424 2510; x_wconf 90' lang='lat' dir='ltr'>omnia</span> <span class='ocrx_word' id='word_1_138' title='bbox 456 2456 538 2511; x_wconf 86' lang='lat' dir='ltr'>tanta</span> <span class='ocrx_word' id='word_1_139' title='bbox 572 2453 763 2530; x_wconf 89' lang='lat' dir='ltr'>simplicitate</span> <span class='ocrx_word' id='word_1_140' title='bbox 805 2453 964 2512; x_wconf 87' lang='lat' dir='ltr'>sententiis</span> <span class='ocrx_word' id='word_1_141' title='bbox 998 2451 1096 2512; x_wconf 86' lang='lat' dir='ltr'>verbis</span> <span class='ocrx_word' id='word_1_142' title='bbox 1134 2456 1269 2512; x_wconf 89' lang='lat' dir='ltr'>conserta</span> <span class='ocrx_word' id='word_1_143' title='bbox 1301 2453 1371 2528; x_wconf 86' lang='lat' dir='ltr'>sint,</span> 
     </span>
     <span class='ocr_line' id='line_1_20' title="bbox 325 2557 1371 2631; baseline 0 -17"><span class='ocrx_word' id='word_1_144' title='bbox 325 2557 423 2615; x_wconf 91' lang='lat' dir='ltr'>omnia</span> <span class='ocrx_word' id='word_1_145' title='bbox 452 2557 494 2615; x_wconf 82' lang='lat' dir='ltr'>ita</span> <span class='ocrx_word' id='word_1_146' title='bbox 521 2557 710 2616; x_wconf 84' lang='lat' dir='ltr'>membratim</span> <span class='ocrx_word' id='word_1_147' title='bbox 744 2562 775 2616; x_wconf 90' lang='lat' dir='ltr'>et</span> <span class='ocrx_word' id='word_1_148' title='bbox 808 2557 928 2617; x_wconf 90' lang='lat' dir='ltr'>incisim</span> <span class='ocrx_word' id='word_1_149' title='bbox 960 2557 1136 2631; x_wconf 88' lang='lat' dir='ltr'>decurrant,</span> <span class='ocrx_word' id='word_1_150' title='bbox 1170 2562 1204 2615; x_wconf 91' lang='lat' dir='ltr'>ut</span> <span class='ocrx_word' id='word_1_151' title='bbox 1224 2557 1371 2631; x_wconf 86' lang='lat' dir='ltr'>mutandi,</span> 
     </span>
     <span class='ocr_line' id='line_1_21' title="bbox 325 2661 1371 2739; baseline 0.001 -19"><span class='ocrx_word' id='word_1_152' title='bbox 325 2661 511 2736; x_wconf 89' lang='lat' dir='ltr'>detrahendi,</span> <span class='ocrx_word' id='word_1_153' title='bbox 537 2663 665 2723; x_wconf 84' lang='lat' dir='ltr'>addendi</span> <span class='ocrx_word' id='word_1_154' title='bbox 688 2663 798 2739; x_wconf 89' lang='lat' dir='ltr'>ubique</span> <span class='ocrx_word' id='word_1_155' title='bbox 822 2663 953 2722; x_wconf 86' lang='lat' dir='ltr'>maxima</span> <span class='ocrx_word' id='word_1_156' title='bbox 971 2662 1098 2722; x_wconf 85' lang='lat' dir='ltr'>facilitas</span> <span class='ocrx_word' id='word_1_157' title='bbox 1122 2663 1168 2722; x_wconf 88' lang='lat' dir='ltr'>sit.</span> <span class='ocrx_word' id='word_1_158' title='bbox 1214 2661 1371 2722; x_wconf 89' lang='lat' dir='ltr'>Postremo</span> 
     </span>
     <span class='ocr_line' id='line_1_22' title="bbox 325 2765 1372 2845; baseline 0.003 -22"><span class='ocrx_word' id='word_1_159' title='bbox 325 2765 434 2824; x_wconf 88' lang='lat' dir='ltr'>mirum</span> <span class='ocrx_word' id='word_1_160' title='bbox 461 2767 585 2839; x_wconf 86' lang='lat' dir='ltr'>fuisset,</span> <span class='ocrx_word' id='word_1_161' title='bbox 614 2767 675 2827; x_wconf 89' lang='lat' dir='ltr'>nisi</span> <span class='ocrx_word' id='word_1_162' title='bbox 697 2768 837 2844; x_wconf 88' lang='lat' dir='ltr'>rhapsodi</span> <span class='ocrx_word' id='word_1_163' title='bbox 865 2768 1064 2844; x_wconf 84' lang='lat' dir='ltr'>generosioris</span> <span class='ocrx_word' id='word_1_164' title='bbox 1096 2767 1235 2843; x_wconf 85' lang='lat' dir='ltr'>spiritus,</span> <span class='ocrx_word' id='word_1_165' title='bbox 1266 2769 1372 2845; x_wconf 86' lang='lat' dir='ltr'>etqui</span> 
     </span>
     <span class='ocr_line' id='line_1_23' title="bbox 325 2871 1372 2950; baseline 0.004 -21"><span class='ocrx_word' id='word_1_166' title='bbox 325 2872 383 2948; x_wconf 88' lang='lat' dir='ltr'>ipsi</span> <span class='ocrx_word' id='word_1_167' title='bbox 405 2876 509 2949; x_wconf 74' lang='lat' dir='ltr'>poetae</span> <span class='ocrx_word' id='word_1_168' title='bbox 529 2877 645 2948; x_wconf 88' lang='lat' dir='ltr'>essent,</span> <span class='ocrx_word' id='word_1_169' title='bbox 677 2873 791 2949; x_wconf 87' lang='lat' dir='ltr'>passim</span> <span class='ocrx_word' id='word_1_170' title='bbox 820 2873 934 2950; x_wconf 88' lang='lat' dir='ltr'>aliquid</span> <span class='ocrx_word' id='word_1_171' title='bbox 961 2891 1034 2932; x_wconf 90' lang='lat' dir='ltr'>ase</span> <span class='ocrx_word' id='word_1_172' title='bbox 1060 2872 1170 2932; x_wconf 91' lang='lat' dir='ltr'>melius</span> <span class='ocrx_word' id='word_1_173' title='bbox 1193 2871 1253 2932; x_wconf 88' lang='lat' dir='ltr'>dici</span> <span class='ocrx_word' id='word_1_174' title='bbox 1274 2891 1372 2949; x_wconf 87' lang='lat' dir='ltr'>posse,</span> 
     </span>
     <span class='ocr_line' id='line_1_24' title="bbox 325 2977 1372 3056; baseline 0.002 -21"><span class='ocrx_word' id='word_1_175' title='bbox 325 2977 384 3036; x_wconf 87' lang='lat' dir='ltr'>alia</span> <span class='ocrx_word' id='word_1_176' title='bbox 416 2978 505 3036; x_wconf 85' lang='lat' dir='ltr'>etiam</span> <span class='ocrx_word' id='word_1_177' title='bbox 534 2979 567 3037; x_wconf 88' lang='lat' dir='ltr'>in</span> <span class='ocrx_word' id='word_1_178' title='bbox 599 2979 767 3037; x_wconf 90' lang='lat' dir='ltr'>auditorum</span> <span class='ocrx_word' id='word_1_179' title='bbox 797 2978 923 3054; x_wconf 84' lang='lat' dir='ltr'>gratiam</span> <span class='ocrx_word' id='word_1_180' title='bbox 953 2978 1126 3037; x_wconf 86' lang='lat' dir='ltr'>clarioribus</span> <span class='ocrx_word' id='word_1_181' title='bbox 1148 2978 1248 3038; x_wconf 75' lang='lat' dir='ltr'>verbis</span> <span class='ocrx_word' id='word_1_182' title='bbox 1271 2979 1372 3056; x_wconf 84' lang='lat' dir='ltr'>expri-</span> 
     </span>
     <span class='ocr_line' id='line_1_25' title="bbox 325 3082 1372 3160; baseline 0.002 -20"><span class='ocrx_word' id='word_1_183' title='bbox 325 3083 448 3157; x_wconf 87' lang='lat' dir='ltr'>menda,</span> <span class='ocrx_word' id='word_1_184' title='bbox 478 3082 535 3143; x_wconf 90' lang='lat' dir='ltr'>alia</span> <span class='ocrx_word' id='word_1_185' title='bbox 558 3083 687 3160; x_wconf 89' lang='lat' dir='ltr'>denique</span> <span class='ocrx_word' id='word_1_186' title='bbox 714 3084 924 3143; x_wconf 88' lang='lat' dir='ltr'>intertexenda</span> <span class='ocrx_word' id='word_1_187' title='bbox 945 3083 1081 3160; x_wconf 89' lang='lat' dir='ltr'>pluribus</span> <span class='ocrx_word' id='word_1_188' title='bbox 1104 3083 1292 3142; x_wconf 78' lang='lat' dir='ltr'>Carminibus</span> <span class='ocrx_word' id='word_1_189' title='bbox 1311 3102 1372 3142; x_wconf 91' lang='lat' dir='ltr'>uno</span> 
     </span>
     <span class='ocr_line' id='line_1_26' title="bbox 325 3188 1373 3266; baseline 0.002 -20"><span class='ocrx_word' id='word_1_190' title='bbox 325 3188 374 3246; x_wconf 84' lang='lat' dir='ltr'>filo</span> <span class='ocrx_word' id='word_1_191' title='bbox 397 3189 551 3248; x_wconf 88' lang='lat' dir='ltr'>nectendis</span> <span class='ocrx_word' id='word_1_192' title='bbox 573 3195 721 3266; x_wconf 82' lang='lat' dir='ltr'>putarent.</span> <span class='ocrx_word' id='word_1_193' title='bbox 768 3189 806 3248; x_wconf 90' lang='lat' dir='ltr'>Ut</span> <span class='ocrx_word' id='word_1_194' title='bbox 829 3189 910 3248; x_wconf 91' lang='lat' dir='ltr'>enim</span> <span class='ocrx_word' id='word_1_195' title='bbox 925 3191 962 3248; x_wconf 90' lang='lat' dir='ltr'>ab</span> <span class='ocrx_word' id='word_1_196' title='bbox 978 3190 1115 3248; x_wconf 89' lang='lat' dir='ltr'>omnibus</span> <span class='ocrx_word' id='word_1_197' title='bbox 1130 3189 1373 3265; x_wconf 87' lang='lat' dir='ltr'>intelligerentur</span> 
     </span>
    </p>

    <p class='ocr_par' dir='ltr' id='par_1_6' title="bbox 267 3294 1373 3586">
     <span class='ocr_line' id='line_1_27' title="bbox 326 3294 1373 3370; baseline 0.003 -19"><span class='ocrx_word' id='word_1_198' title='bbox 326 3298 357 3352; x_wconf 90' lang='lat' dir='ltr'>et</span> <span class='ocrx_word' id='word_1_199' title='bbox 393 3312 461 3352; x_wconf 89' lang='lat' dir='ltr'>oum</span> <span class='ocrx_word' id='word_1_200' title='bbox 491 3294 642 3370; x_wconf 86' lang='lat' dir='ltr'>voluptate</span> <span class='ocrx_word' id='word_1_201' title='bbox 677 3295 866 3368; x_wconf 89' lang='lat' dir='ltr'>audirentur,</span> <span class='ocrx_word' id='word_1_202' title='bbox 901 3313 1017 3354; x_wconf 87' lang='lat' dir='ltr'>summa</span> <span class='ocrx_word' id='word_1_203' title='bbox 1053 3294 1174 3353; x_wconf 88' lang='lat' dir='ltr'>illorum</span> <span class='ocrx_word' id='word_1_204' title='bbox 1205 3313 1276 3354; x_wconf 88' lang='lat' dir='ltr'>cura</span> <span class='ocrx_word' id='word_1_205' title='bbox 1305 3312 1373 3354; x_wconf 89' lang='lat' dir='ltr'>esse</span> 
     </span>
     <span class='ocr_line' id='line_1_28' title="bbox 325 3398 1372 3476; baseline 0.002 -20"><span class='ocrx_word' id='word_1_206' title='bbox 325 3398 441 3475; x_wconf 89' lang='lat' dir='ltr'>debuit,</span> <span class='ocrx_word' id='word_1_207' title='bbox 462 3417 522 3458; x_wconf 92' lang='lat' dir='ltr'>non</span> <span class='ocrx_word' id='word_1_208' title='bbox 543 3399 617 3459; x_wconf 88' lang='lat' dir='ltr'>haec</span> <span class='ocrx_word' id='word_1_209' title='bbox 640 3403 674 3458; x_wconf 92' lang='lat' dir='ltr'>ut</span> <span class='ocrx_word' id='word_1_210' title='bbox 697 3399 834 3458; x_wconf 77' lang='lat' dir='ltr'>Oanuina</span> <span class='ocrx_word' id='word_1_211' title='bbox 857 3399 973 3459; x_wconf 90' lang='lat' dir='ltr'>sincera</span> <span class='ocrx_word' id='word_1_212' title='bbox 995 3403 1160 3473; x_wconf 87' lang='lat' dir='ltr'>servarent,</span> <span class='ocrx_word' id='word_1_213' title='bbox 1193 3398 1292 3476; x_wconf 81' lang='lat' dir='ltr'>qualia</span> <span class='ocrx_word' id='word_1_214' title='bbox 1311 3399 1372 3475; x_wconf 89' lang='lat' dir='ltr'>pri-</span> 
     </span>
     <span class='ocr_line' id='line_1_29' title="bbox 267 3498 1373 3586; baseline 0.001 -25"><span class='ocrx_word' id='word_1_215' title='bbox 267 3508 317 3562; x_wconf 86' lang='lat'>106</span> <span class='ocrx_word' id='word_1_216' title='bbox 326 3522 409 3564; x_wconf 94' lang='lat' dir='ltr'>mum</span> <span class='ocrx_word' id='word_1_217' title='bbox 440 3498 567 3586; x_wconf 68' lang='lat' dir='ltr'>fudelrat</span> <span class='ocrx_word' id='word_1_218' title='bbox 589 3510 681 3564; x_wconf 83' lang='lat' dir='ltr'>vates.</span> <span class='ocrx_word' id='word_1_219' title='bbox 730 3505 835 3582; x_wconf 72' lang='lat' dir='ltr'>ltaque</span> <span class='ocrx_word' id='word_1_220' title='bbox 868 3504 1044 3563; x_wconf 85' lang='lat' dir='ltr'>nominatim</span> <span class='ocrx_word' id='word_1_221' title='bbox 1079 3503 1226 3580; x_wconf 80' lang='lat' dir='ltr'>Cynaethi</span> <span class='ocrx_word' id='word_1_222' title='bbox 1258 3502 1373 3563; x_wconf 85' lang='lat' dir='ltr'>familia</span> 
     </span>
    </p>
   </div>
   <div class='ocr_carea' id='block_1_5' title="bbox 325 3725 1371 3881">
    <p class='ocr_par' dir='ltr' id='par_1_7' title="bbox 325 3725 1371 3881">
     <span class='ocr_line' id='line_1_30' title="bbox 414 3725 1371 3796; baseline 0.002 -18"><span class='ocrx_word' id='word_1_223' title='bbox 414 3726 458 3794; x_wconf 82' lang='grc'>76)</span> <span class='ocrx_word' id='word_1_224' title='bbox 478 3725 622 3780; x_wconf 82' lang='lat' dir='ltr'>Servatum</span> <span class='ocrx_word' id='word_1_225' title='bbox 640 3743 681 3795; x_wconf 89' lang='lat' dir='ltr'>ap.</span> <span class='ocrx_word' id='word_1_226' title='bbox 699 3726 804 3794; x_wconf 88' lang='lat' dir='ltr'>Ioseph.</span> <span class='ocrx_word' id='word_1_227' title='bbox 819 3729 939 3781; x_wconf 87' lang='lat' dir='ltr'>extremo</span> <span class='ocrx_word' id='word_1_228' title='bbox 957 3727 1029 3796; x_wconf 86' lang='lat' dir='ltr'>loce,</span> <span class='ocrx_word' id='word_1_229' title='bbox 1048 3743 1128 3794; x_wconf 87' lang='lat' dir='ltr'>quem</span> <span class='ocrx_word' id='word_1_230' title='bbox 1146 3743 1228 3794; x_wconf 87' lang='lat' dir='ltr'>supra</span> <span class='ocrx_word' id='word_1_231' title='bbox 1240 3727 1371 3795; x_wconf 87' lang='lat' dir='ltr'>descripsi</span> 
     </span>
     <span class='ocr_line' id='line_1_31' title="bbox 325 3813 511 3881; baseline -0.005 -14"><span class='ocrx_word' id='word_1_232' title='bbox 325 3830 351 3881; x_wconf 90' lang='lat' dir='ltr'>p.</span> <span class='ocrx_word' id='word_1_233' title='bbox 370 3813 511 3868; x_wconf 86' lang='lat' dir='ltr'>LXXVII.</span> 
     </span>
    </p>
   </div>
   <div class='ocr_carea' id='block_1_6' title="bbox 0 0 1533 4588">
    <p class='ocr_par' dir='ltr' id='par_1_8' title="bbox 0 0 1533 4588">
     <span class='ocr_line' id='line_1_32' title="bbox 0 0 1533 4588; baseline 0 0"><span class='ocrx_word' id='word_1_234' title='bbox 0 0 1533 4588; x_wconf 95' lang='lat' dir='ltr'> </span> 
     </span>
    </p>
   </div>
  </div>
 </body>
</html>
