2984 4580
552 359 717 412 Prolegorusna.
1108 361 1159 415 203

115 546 242 619 quatuor
264 560 370 602 versus
393 542 425 601 in
447 542 607 603 Phoenicis
630 543 761 602 oratione
783 543 820 601 ab
835 541 1006 602 Aristarcho
1030 543 1160 603 sublatos

20 639 21 662 ³
114 665 180 707 esse
213 651 245 706 et
276 643 544 722 restituendos47):
576 665 615 707 ne
645 647 677 706 hi
710 646 833 724 quidem
861 646 894 705 in
923 646 1079 706 Eustathio
1109 652 1161 707 aut

114 751 244 813 Soholiis
266 753 377 812 nostris
400 756 611 812 memorantur.
656 751 721 811 Iam
749 752 919 812 convocatis
949 752 1079 827 cunctis,
1108 752 1161 830 qui

19 843 20 878 ³
112 857 298 917 coniectores
329 857 525 933 perhibentur
554 862 586 918 et
607 857 788 934 interpretes
810 856 926 933 priseae
949 857 1107 916 vetustatis
1130 861 1161 916 et

110 962 208 1022 famae
231 963 380 1040 sepultae,
408 962 434 1020 si
456 981 561 1022 verum
583 980 679 1037 amas,
703 962 840 1022 consulta
861 962 1031 1036 nobiseum,
1058 965 1160 1021 uhum

19 1069 21 1096 *
110 1067 151 1144 is,
176 1067 229 1145 qui
248 1071 293 1126 tot
314 1083 434 1157 versus,
464 1067 540 1127 forte
562 1084 692 1145 casuque
715 1066 753 1126 ad
775 1070 908 1126 nostram
929 1070 1058 1126 aetatem
1079 1063 1159 1126 dela-

19 1147 21 1168 ’
109 1177 173 1248 tue,
195 1172 260 1232 loco
282 1171 389 1246 movit,
411 1176 477 1247 aut,
500 1172 526 1231 si
549 1171 581 1230 id
602 1172 678 1234 forte
701 1172 733 1230 in
757 1171 936 1248 quibusdam
954 1171 1074 1232 illorum
1088 1177 1160 1232 ante

18 1327 19 1332 ,
108 1278 212 1355 ipsum
240 1277 301 1336 iam
330 1276 499 1337 Zenodotus
528 1275 578 1337 vel
607 1275 659 1336 aiii
687 1269 888 1354 fecerant⁴⁸)‚
920 1281 1021 1336 utrum
1050 1277 1103 1354 qui
1127 1277 1160 1335 in

18 1371 20 1418 ²
108 1382 241 1442 Homero
264 1381 308 1441 sic
329 1382 441 1441 versati
464 1386 535 1441 sunt
557 1381 644 1458 quasi
667 1380 845 1441 exasciando
868 1385 898 1440 et
912 1380 1060 1457 poliendo,
1082 1381 1159 1441 inte-

18 1471 20 1512 *
109 1508 165 1565 gra
194 1505 285 1565 opera
312 1487 379 1547 eius
401 1487 533 1547 edidisse
557 1491 669 1565 queant
695 1485 806 1561 videri,
836 1505 875 1545 an
905 1485 1020 1564 aliquid
1041 1492 1160 1565 praeter

108 1593 163 1652 iila
182 1591 342 1667 recidisse,
371 1591 451 1671 quod
473 1589 561 1651 hodie
584 1609 733 1670 nusquam
757 1591 900 1668 supersit;
933 1590 1064 1670 denique
1086 1610 1159 1650 num

17 1749 18 1752 ,
108 1701 230 1758 textum
251 1697 302 1756 vel
323 1696 485 1756 habeamus
513 1696 562 1756 vel
583 1695 719 1756 norimus
740 1695 812 1756 adeo
835 1695 1006 1756 Aristarcho
1026 1696 1159 1772 superio·

17 1787 18 1882 J
107 1821 181 1863 rem.
228 1801 346 1880 Quippe
372 1801 411 1861 ad
438 1802 519 1862 huno
542 1802 575 1860 in
597 1802 704 1878 primis
726 1806 876 1862 auctorem
897 1801 1070 1862 referendas
1091 1818 1159 1862 essa

17 1887 19 1912 Σ
107 1908 216 1968 lituras
245 1907 332 1984 istas,
367 1907 474 1968 collata
504 1907 584 1966 inter
618 1925 650 1967 se
683 1911 714 1966 et
744 1906 895 1982 pensitato
930 1907 1029 1965 omnia
1060 1925 1160 1966 rerum

17 2001 19 2062 i
106 2019 260 2073 momenta
288 2013 405 2073 docent.
449 2011 564 2072 Verum
593 2013 669 2073 istae
691 2012 800 2072 liturae
829 2016 866 2070 ut
895 2011 1017 2072 defendi
1044 2013 1161 2089 possint

107 2136 226 2194 omnes,
259 2112 308 2199 (ac
338 2117 412 2178 mihi
441 2117 563 2196 quidem
594 2112 598 2198 i
631 2117 722 2178 etiam
750 2116 910 2177 Phoenicis
937 2134 1044 2176 versus
1073 2117 1160 2176 uncis
1169 2125 1220 2180 263

16 2225 22 2260 '·
108 2222 196 2300 digni
210 2222 400 2297 videbantur,
423 2223 548 2282 nisime
571 2223 708 2299 gravium
727 2227 758 2282 ct
775 2225 928 2294 acutorum
945 2221 1077 2282 virorum
1092 2241 1160 2282 con·

16 2387 18 2398 ,
112 2347 224 2390 sensus
244 2321 469 2408 deterruisset,)
495 2327 619 2388 minime
639 2333 741 2387 tamen
763 2327 924 2404 probabilis
946 2331 994 2386 est
1020 2327 1072 2386 illa
1093 2328 1161 2386 Ari-

16 2401 17 2430 }
112 2433 224 2494 starchi
246 2431 334 2507 ratio,
365 2449 436 2509 qua,
468 2432 495 2491 si
522 2433 598 2491 fides
626 2436 674 2492 est
694 2431 861 2505 Athenaeo,
891 2448 982 2490 versu
1011 2431 1044 2490 in
1067 2431 1161 2491 Hiade

17 2587 18 2590 ,
111 2539 211 2599 deleto
234 2538 413 2598 sententiam
427 2538 586 2615 pervertit,
611 2537 801 2614 eundemque
815 2553 938 2596 versum
952 2554 1020 2595 cum
1035 2541 1162 2614 quatuor

111 2643 180 2704 aliis
204 2641 300 2702 alieno
323 2642 387 2712 loco
409 2641 564 2702 transtrssit
584 2642 617 2702 in
632 2635 858 2723 odysseamw).
895 2639 1028 2702 Tametsi
1042 2641 1080 2701 de
1093 2659 1160 2718 pro·

202 2871 248 2939 47)
272 2872 313 2925 De
330 2870 391 2926 aud.
410 2870 497 2938 podiis
523 2887 549 2938 p.
568 2869 610 2924 26.
630 2869 659 2923 F.
693 2865 724 2924 ‘0
742 2873 843 2931 Φοῖνιξ
862 2870 911 2924 διὰ
935 2871 984 2936 τὴν
1004 2869 1160 2924 παλλακίδα

111 2947 266 3030 nordpertus
285 2959 341 3010 ὑπὸ
359 2965 409 3009 τοῦ
426 2957 531 3027 πατρὸς
543 2958 704 3026 γενόμενος,
726 2957 792 3011 Τὸν
808 2958 870 3026 μὲν
882 2957 956 3028 ἐγὼ,
975 2961 1047 3028 φησὶ
1064 2977 1086 3010 κ.
1100 2977 1123 3010 τ.
1136 2959 1158 3009 λ.

109 3045 142 3104 ‘O
159 3049 214 3120 μὲν
231 3040 305 3116 [οὖν]
320 3041 496 3115 Ἀρίσταρχος
513 3045 618 3106 ἐξεῖλε
643 3054 752 3097 ταῦτα
769 3044 808 3096 τὰ
830 3045 895 3111 ἔπη
919 3051 1090 3116 φοβηθείς
1108 3047 1159 3099 eto:

112 3136 145 3191 Il.
167 3157 185 3188 ι.
205 3135 265 3190 458.
285 3149 344 3202 sqq.

201 3220 246 3287 48)
264 3219 324 3274 Hoc
342 3217 477 3273 Kusterus
495 3218 646 3288 opponebat
667 3217 813 3288 Giphauio,
832 3217 934 3274 Hister.
953 3219 1011 3273 crit.
1030 3219 1109 3273 Hom.
1122 3218 1160 3286 H,

114 3312 139 3378 5,
165 3311 189 3363 3.
221 3308 255 3378 [p
281 3308 339 3361 113.
365 3305 414 3375 sq.]
464 3305 517 3360 Sed
542 3308 639 3360 neuter
665 3322 774 3362 causam
800 3321 959 3376 cognoscere
986 3306 1074 3375 potuit
1101 3307 1160 3359 tum

114 3397 221 3467 propter
237 3393 380 3464 penuriam
395 3393 556 3449 tabidarum.

201 3483 247 3549 49)
272 3481 369 3536 Athen.
388 3479 435 3535 IV.
459 3497 519 3551 pag.
540 3480 599 3535 180.
625 3497 680 3550 seq.
704 3498 757 3551 quo
779 3481 838 3536 loco
854 3479 947 3534 nuilus
971 3481 1012 3534 est
1030 3479 1159 3548 omnium,

116 3571 162 3639 qui
188 3571 253 3624 sunt
279 3569 313 3621 de
339 3567 510 3638 Aristarcho,
543 3569 749 3624 memorabilior.
799 3567 967 3636 Quapropter
992 3582 1071 3635 saepe
1099 3583 1160 3620 sum

115 3659 242 3725 miratuS,
268 3671 330 3722 eur,
354 3671 438 3725 quum
461 3657 486 3710 is
510 3655 586 3710 locus
613 3656 700 3710 doctis
718 3655 868 3710 editoribus
887 3654 954 3710 eatis
971 3657 1052 3709 notus
1070 3655 1159 3724 fuerit,

117 3747 195 3815 atque
214 3745 282 3800 bene
301 3743 448 3814 explicitus
466 3760 483 3799 a
501 3744 669 3812 casaubono,
687 3743 788 3811 (Clark.
811 3744 893 3799 etiam
910 3743 996 3798 verba
1013 3743 1158 3812 apposuit)

23 3889 27 3900 ,
117 3835 205 3890 tamen
222 3849 239 3888 a
256 3832 331 3887 nullo
349 3832 460 3887 illorum
477 3831 615 3887 adhibitus
633 3831 670 3886 sit
690 3832 724 3886 ad
741 3831 881 3902 vulgarem
894 3834 1001 3887 textum
1014 3834 1158 3912 emendan-
