2980 4576
560 328 722 382 Pmlesomm
1108 327 1160 382 195

16 509 18 572 fi
119 509 262 585 ingenue,
285 501 289 588 Ι
313 509 460 586 quidquid
474 509 609 586 undique
624 509 797 584 corraseris,
819 527 880 568 non
894 513 995 568 tamen
1010 525 1077 568 eam
1099 507 1221 568 vim252

16 613 18 636 ¹
117 613 239 687 habere,
272 621 307 672 nt
338 613 503 672 Aristarchi
536 613 643 672 merita
672 613 705 671 in
733 613 897 672 Homerum
930 612 1098 690 explorato,
1132 616 1162 671 et

16 771 17 808 η
117 723 218 776 nostro
240 719 340 794 potins
362 736 451 795 quam
473 723 609 778 veterum
629 717 740 776 iudicio
762 717 800 776 ad
822 735 927 777 verum
949 735 1131 778 revocemus.

571 949 705 1014 xnni.
745 905 748 912 ’

205 1101 317 1162 Eadem
338 1103 457 1162 fortuna
478 1103 687 1180 conquerenda
708 1104 795 1162 nobis
817 1103 918 1163 estin
940 1104 993 1180 iis,
1026 1122 1101 1182 qnae
1124 1105 1161 1164 ad

114 1208 344 1268 celebenimum
366 1207 467 1266 obelum
487 1208 652 1268 Aristarchi
675 1208 835 1284 pertinent.
880 1209 937 1268 Illo
963 1209 1044 1270 enim
1068 1228 1161 1268 arma·

16 1311 17 1316 ’
114 1317 181 1371 tnm
209 1330 279 1372 eum
309 1313 500 1373 severissime
522 1313 655 1372 omnium
681 1332 805 1374 munere
828 1331 899 1374 snae
922 1315 995 1373 artis
1016 1314 1161 1390 functum,

114 1417 229 1494 telique
252 1417 338 1494 signo
360 1435 450 1477 nsum
472 1435 539 1477 esse
569 1418 607 1478 ad
629 1436 735 1505 versus
765 1422 870 1496 poetae
895 1419 1054 1496 splendore
1084 1419 1161 1478 indi·

115 1539 204 1598 gnos,
232 1521 309 1597 sive,
337 1526 373 1580 ut
394 1522 465 1580 oiim
485 1523 697 1600 loquebantur,
720 1516 1041 1605 παρεμβεβλημένοος
1062 1524 1162 1582 confo-

16 1623 18 1724 ξ
115 1625 254 1702 diendos,
289 1628 429 1686 universa
461 1629 624 1706 antiquitas
657 1632 792 1688 testatur.
848 1629 947 1706 Atque
986 1629 1008 1688 ii
1041 1628 1162 1706 quidem

16 1769 17 1774 κ
114 1735 253 1790 veterum
280 1732 471 1809 scriptorum,
502 1733 554 1810 qni
582 1733 660 1792 hanc
689 1752 754 1792 rem
782 1733 883 1810 paullo
912 1733 1066 1809 attingunt
1095 1733 1162 1792 dili·

16 1839 17 1868 1
116 1835 249 1912 gentina,
283 1854 344 1896 non
376 1838 514 1913 ambigue
547 1837 731 1914 significant,
767 1838 887 1898 obehnn
921 1840 957 1898 ab
991 1838 1162 1897 Aristarcho

112 1943 204 2014 primo
225 1941 468 2020 adnotationem
489 1943 578 2002 istius
600 1943 721 2020 generis
743 1943 910 2002 adhibitum
922 1937 979 2022 Μ);
1003 1942 1063 2002 nisi
1087 1944 1162 2003 forto

114 2188 206 2243 locum
223 2190 336 2258 poscent
353 2188 382 2242 in
400 2187 506 2257 proprio
522 2187 732 2255 Commentario,
752 2189 934 2244 coniecturam
954 2190 1065 2244 afferam
1078 2205 1161 2243 unam

16 2265 18 2290 ³
114 2277 249 2346 omnium,
274 2293 342 2347 qnae
365 2277 523 2330 Aristarcho
546 2277 717 2359 tribuuntur,
743 2277 919 2332 scitissimum
943 2279 970 2332 et
992 2277 1160 2346 elegantissi-

17 2423 19 2428 ,
114 2381 199 2434 mam,
219 2365 248 2418 in
268 2379 292 2419 σ.
311 2364 370 2418 207.
405 2365 449 2418 Ibi
471 2381 556 2433 quum
574 2367 601 2418 et
619 2365 677 2434 ipse
697 2365 725 2418 in
743 2367 822 2418 textu
839 2365 979 2434 vulgatam
998 2366 1161 2433 scripturam

114 2453 235 2506 nostram
260 2452 391 2520 dedisset,
415 2468 479 2506 mox
497 2451 542 2506 vel
560 2453 590 2506 in
608 2452 709 2508 scholis
730 2452 776 2506 vel
800 2453 830 2504 in
849 2453 1033 2522 ὑπομνήμασι
1050 2469 1161 2508 versum

115 2539 266 2594 correxisse
284 2539 324 2594 sio
344 2539 456 2594 dicitnr:

229 2621 284 2686 Ὠς
302 2621 326 2679 d’
349 2625 392 2679 ὅτε
410 2636 465 2696 πῦρ
484 2627 532 2679 ἰπὶ
551 2626 656 2682 πόντον
672 2627 824 2697 ἀριπρεπές
843 2624 1049 2697 αἰθέρ’χῗκηται.

17 2769 18 2772 ,
114 2714 158 2770 Ita
175 2713 264 2781 19111111
282 2714 356 2768 dedit
373 2731 421 2783 pro
439 2715 533 2780 summ
551 2717 579 2768 et
596 2715 659 2782 quis
676 2731 730 2768 non
747 2732 810 2770 eum
827 2716 1029 2784 ineptissimum
1050 2716 1159 2786 diceret,

115 2802 176 2870 qni,
202 2801 226 2855 si
242 2802 288 2855 hic
306 2818 404 2856 versus
422 2801 505 2871 vulgo
525 2801 611 2856 lectus
630 2804 714 2870 esset,
742 2803 776 2856 ab
794 2803 905 2872 antiquo
921 2803 1001 2858 fictus
1019 2804 1159 2873 rhapsodo‚

115 2890 244 2960 alterurn,
270 2889 317 2958 qni
334 2906 407 2944 nnnc
426 2889 538 2960 legitur,
562 2890 640 2944 nobis
658 2890 784 2944 offerret?
820 2889 926 2946 Oriseos
950 2892 1001 2946 hcc
1022 2892 1160 2961 specimen

115 2978 164 3046 sit,
182 2979 254 3047 qnod
272 2978 368 3033 doceat
385 2977 480 3046 simul,
499 2994 581 3046 quum
597 2994 724 3032 reverens
743 2977 790 3030 ilic
807 2978 890 3032 fuerit
903 2979 1028 3034 codicum
1040 2995 1159 3049 suorum,

115 3082 196 3134 quam
214 3066 349 3120 interdum
367 3066 441 3120 hand
459 3065 528 3120 lenis
546 3068 686 3120 corrector,

203 3170 248 3236 37)
261 3169 303 3224 Nc
315 3171 435 3239 repetam
447 3170 538 3239 paullo
550 3172 612 3224 ante
624 3173 797 3240 memoratos,
810 3171 928 3227 sufficiat
936 3174 989 3226 duo
1002 3175 1086 3229 testes
1096 3175 1159 3230 dare

116 3257 249 3312 Galerium
266 3257 296 3310 in
307 3257 436 3326 Hippoor.
453 3259 486 3312 de
498 3258 560 3312 Nat.
573 3259 644 3313 hom.
664 3259 688 3311 2.
707 3259 734 3312 Τ.
748 3259 782 3312 V.
800 3277 825 3328 p.
842 3261 883 3313 17.
903 3259 989 3328 [Corr.
1003 3261 1043 3315 18.
1056 3263 1082 3316 Τ.
1096 3263 1158 3316 XV.

115 3363 140 3414 p.
153 3345 211 3399 110.
225 3345 344 3414 Kuchn.]
379 3349 512 3415 Σημεῖον,
531 3345 546 3396 ὃ
563 3349 695 3400 καλοῦσιν
713 3347 815 3413 ὀβελόν,
833 3348 885 3415 οἴῳ
904 3353 1010 3419 σημείῳ
1029 3352 1075 3402 καὶ
1088 3347 1170 3420 Ἀρ1-·

116 3447 234 3504 σταρχος
248 3434 383 3503 ἐχρήσατο
398 3432 487 3508 [παρὰ
500 3435 539 3501 τῷ
553 3435 666 3507 ποιητῇ]
681 3435 750 3504 πρὸς
764 3435 842 3494 τοὺς
860 3436 1159 3507 ὑποπτευομένους

116 3517 170 3573 ὑπ’
186 3521 290 3573 αὐτοῦ
303 3524 459 3589 στίχους,
471 3519 623 3575 Lucianum
635 3539 682 3590 pro
695 3522 797 3593 Imagg.
811 3521 853 3577 24.
867 3523 894 3576 Τ.
908 3523 943 3578 Π.
956 3541 981 3593 p.
992 3524 1050 3578 504.
1078 3521 1109 3579 ‘O
1120 3525 1159 3578 τὰ

115 3608 201 3661 νόθα
219 3609 463 3679 ἐπισημηνάμενος
485 3616 539 3662 τῶν
559 3609 635 3662 ἐπῶν
657 3607 710 3678 [ἐν]
729 3613 764 3682 τῇ
784 3613 955 3684 παραγραφῇ
977 3619 1031 3666 τῶν
1050 3613 1158 3679 ὀβελῶν.

115 3695 167 3749 Η1ο
185 3713 220 3749 ne
238 3696 399 3751 nominatim
417 3696 527 3766 quidem
546 3695 707 3765 appellatam,
732 3697 779 3766 qui
802 3697 872 3751 illud
889 3699 996 3753 iecerit:
1022 3701 1087 3754 adeo
1106 3701 1159 3755 fuit

115 3799 158 3838 res
175 3783 298 3838 celebris.
336 3784 462 3839 Ceterum
480 3785 513 3837 de
530 3784 582 3837 hoc
599 3785 627 3836 et
643 3784 756 3853 reliquis
775 3785 860 3855 signis
879 3785 981 3840 criticis
999 3786 1029 3840 in
1046 3787 1158 3843 univer-

921 3880 984 3940 13*
