3048 4588
23 451 25 492 l

564 325 726 377 Prolegomena.
1134 325 1168 380 83

122 525 183 566 una
206 508 397 567 sollennitate
420 506 572 568 commode
593 507 707 566 absolvi
728 506 832 583 potuit.
877 502 915 564 In
936 506 1004 566 aliis
1026 505 1171 566 Carmini-

23 621 25 676 ἴ
122 613 194 687 bus,
224 617 259 671 ut
289 613 322 671 in
342 607 524 693 Καταλόγῳ
546 609 645 686 νεῶν,
674 612 707 669 in
735 604 834 690 Κόλῳ
863 603 961 692 μάχῃ,
992 615 1086 670 artem
1106 611 1172 670 rha.

22 766 24 826 l

121 718 209 794 psodi
230 723 394 794 spectatam
412 721 499 794 puto,
529 717 707 793 praesertim
729 716 762 774 in
784 715 928 792 legitimis
950 715 1171 791 certaminibus,

22 827 24 866 i
121 827 249 882 uicum
282 823 389 882 ceteris
422 826 490 899 apte
525 822 639 880 coirent
667 826 698 880 et
730 819 852 896 elegans
876 815 962 903 ῥαφὴ
984 820 1170 880 efficeretur:

121 928 155 985 in
177 946 237 1004 quo
258 933 360 987 tamen
382 927 462 987 haud
493 926 583 985 dubie
619 925 706 1001 plura
740 943 793 1001 per
817 925 934 984 saecula
956 925 1033 983 nihil
1055 929 1172 984 certum

121 1036 155 1090 et
176 1037 317 1092 constans
349 1033 423 1106 fuit,
457 1051 550 1108 quum
583 1049 631 1090 res
661 1029 748 1090 modo
778 1050 796 1089 a
825 1029 899 1090 locis
930 1049 965 1089 ac
986 1030 1171 1105 temporibus

121 1138 285 1213 recitandi,
307 1138 393 1196 modo
416 1138 452 1196 ab
474 1136 598 1214 ingenio
613 1140 644 1194 et
662 1135 773 1194 iudicio
788 1135 1001 1212 rhapsodorum
1015 1135 1169 1211 penderet.

578 1309 719 1376 XXVI.
1178 1309 1229 1362 109

213 1462 297 1521 Haec
319 1463 432 1535 omnia,
463 1480 538 1538 quae
566 1465 702 1520 accurate
725 1461 852 1538 exposui
873 1461 911 1519 de
934 1465 1068 1537 tempore
1090 1478 1171 1520 rece-

123 1572 193 1642 ptae
217 1567 349 1642 primum
371 1566 450 1644 apud
473 1567 600 1626 Graecos
632 1566 811 1642 scripturae,
841 1566 879 1624 de
909 1565 1007 1641 prisco
1039 1583 1171 1642 pangen-

123 1672 231 1730 dorum
246 1670 524 1748 prodendorumque
540 1671 712 1730 Carmiuum
725 1688 816 1745 more,
835 1671 873 1730 de
888 1671 1051 1747 rhapsodis,
1074 1671 1172 1730 unicis
1246 1655 1248 1660 ¹

124 1776 247 1834 iliorum
269 1776 471 1852 depositoriis,
494 1776 639 1854 quaedam
657 1777 743 1853 quasi
757 1767 931 1856 προτέλεια
954 1781 1024 1836 sunt
1038 1775 1171 1836 diversae

124 1887 154 1941 et
177 1881 293 1940 altioris
315 1880 505 1958 quaestionis.
547 1881 585 1940 In
608 1881 664 1940 hac
679 1886 803 1956 repente
818 1882 914 1941 omnis
932 1899 1055 1958 campus
1070 1881 1172 1959 dispu-

20 1985 21 1988 ’
123 1987 248 2046 tationis
271 1992 416 2062 mutatur,
439 1992 623 2047 evanescunt
643 1987 738 2046 ferme
761 1988 889 2062 vestigia
910 1987 1065 2062 historica,
1088 1992 1118 2046 et
1140 1988 1172 2046 in

123 2093 224 2151 locum
259 2108 362 2150 eorum
394 2091 510 2168 trepide
544 2091 677 2150 succedit
713 2092 883 2150 coniectura
915 2097 946 2151 et
979 2091 1171 2165 ratiocinatio

19 2205 22 2276 l
124 2215 185 2256 non
209 2213 356 2273 quaerens
376 2196 442 2270 illa,
474 2196 546 2272 qnid
568 2195 751 2271 Herodotus,
782 2197 854 2273 quid
876 2196 975 2271 Plat0,
998 2196 1070 2273 quid
1091 2214 1171 2255 sum·

19 2283 21 2366 ff
124 2319 193 2361 mus
214 2301 391 2361 Aristoteles
419 2303 537 2375 afferat,
569 2301 620 2360 sed
652 2301 725 2378 quid
754 2319 793 2360 ex
823 2301 981 2379 principiis
1010 2302 1086 2361 bene
1105 2318 1171 2378 pro-

124 2407 199 2466 visis
221 2410 347 2482 cogatur
368 2411 399 2466 et
422 2407 587 2481 efficiatur,
615 2407 647 2465 id
668 2424 772 2466 severo
802 2406 912 2466 indicio
934 2424 1119 2484 persequens
1142 2410 1173 2465 et

19 2555 21 2580 ,
124 2511 284 2588 cumipse
313 2516 419 2570 natura
440 2529 624 2588 comparans.
670 2510 863 2571 coniecturas
889 2509 1061 2571 huiusmodi
1083 2509 1171 2569 hodie

123 2616 236 2691 vulgus
259 2616 402 2674 infamare
426 2615 501 2674 solet
521 2616 642 2676 nomine
657 2617 878 2692 hypothesium.
923 2615 1006 2674 Dura
1026 2615 1171 2675 conditio:

124 2737 179 2780 nos
202 2726 305 2780 tamen
328 2720 380 2778 diu
402 2721 533 2780 cunctati
556 2725 587 2779 et
607 2725 831 2797 exspectantes,
861 2721 933 2779 dum
962 2720 1173 2797 praefidentior

19 2885 20 2908 ,
124 2824 202 2885 alius
223 2826 281 2884 hoc
302 2825 437 2899 auderet,
468 2843 528 2883 non
549 2829 719 2885 metuamus
749 2825 863 2884 diutius
890 2825 1002 2900 famae,
1033 2825 1172 2902 planissi-

32 2943 35 2950 ’
125 2948 236 3008 meque
258 2931 360 2988 statim
381 2930 529 3004 dicamus,
552 2930 631 3008 quod
652 2949 701 2990 res
723 2935 777 2990 est.

213 3035 343 3094 Videtur
365 3035 466 3112 itaque
489 3053 529 3094 ex
556 3035 618 3095 illis
648 3036 734 3113 sequi
756 3036 939 3110 necessario,
967 3041 1029 3095 tam
1050 3053 1172 3111 magno-

127 3158 194 3198 rum
217 3145 248 3198 et
269 3144 415 3215 perpetua
438 3140 515 3200 serie
538 3140 734 3199 deductorum
757 3157 881 3216 operum
903 3141 1028 3199 formam
1049 3158 1067 3198 a
1089 3139 1172 3199 nullo

127 3249 215 3320 poeta
236 3261 294 3303 nec
316 3243 468 3319 designari
489 3245 587 3303 animo
610 3262 667 3305 nec
689 3245 833 3304 elaborari
858 3245 992 3321 potuisse
1016 3245 1081 3304 sine
1103 3245 1173 3303 aiti-

127 3350 228 3409 ficioso
261 3349 443 3408 adminiculo
472 3350 640 3408 memoriae.
694 3349 783 3408 Coelo
817 3349 982 3410 demissum
1015 3350 1173 3426 ingenium

129 3455 236 3514 demus
267 3454 411 3529 Homero,
440 3455 654 3514 altissimarum
681 3473 775 3531 capax
805 3455 1033 3531 cogitationum,
1063 3455 1173 3532 quibus

127 3560 297 3619 divinarum
319 3564 351 3619 et
372 3560 569 3619 humanarum
590 3579 692 3620 rerum
722 3561 855 3620 omnium
882 3562 1039 3622 scientiam
1061 3561 1173 3620 exhau-

129 3666 215 3742 serit3
239 3665 280 3724 sit
301 3665 353 3724 ille
376 3665 477 3740 nobis,
499 3669 534 3723 nt
548 3665 685 3725 Velleius
706 3667 764 3741 ait,
788 3667 854 3726 sine
868 3667 1007 3743 exemplo
1023 3667 1173 3727 maximus

130 3773 163 3828 et
182 3771 247 3830 sine
270 3770 404 3829 aemulo:
433 3789 468 3828 ac
498 3789 569 3830 sane
596 3789 750 3848 nunquam
780 3771 863 3830 illius
889 3771 1013 3830 luminis
1033 3772 1174 3847 splendor

952 3872 1000 3936 fiii
