<?xml version="1.0" encoding="UTF-8"?>
<!DOCTYPE html PUBLIC "-//W3C//DTD XHTML 1.0 Transitional//EN"
    "http://www.w3.org/TR/xhtml1/DTD/xhtml1-transitional.dtd">
<html xmlns="http://www.w3.org/1999/xhtml" xml:lang="en" lang="en">
 <head>
  <title>
</title>
<meta http-equiv="Content-Type" content="text/html;charset=utf-8" />
  <meta name='ocr-system' content='tesseract 3.04.00' />
  <meta name='ocr-capabilities' content='ocr_page ocr_carea ocr_par ocr_line ocrx_word'/>
</head>
<body>
  <div class='ocr_page' id='page_1' title='image "./prolegomenaadho05wolfgoog/prolegomenaadho05wolfgoog_0093.png"; bbox 0 0 3048 4588; ppageno 0'>
   <div class='ocr_carea' id='block_1_1' title="bbox 569 337 1172 389">
    <p class='ocr_par' dir='ltr' id='par_1_1' title="bbox 569 337 1172 389">
     <span class='ocr_line' id='line_1_1' title="bbox 569 337 1172 389; baseline 0 -11"><span class='ocrx_word' id='word_1_1' title='bbox 569 337 732 388; x_wconf 77' lang='lat' dir='ltr'>Prolegoniena.</span> <span class='ocrx_word' id='word_1_2' title='bbox 1140 337 1172 389; x_wconf 76' lang='grc'>77</span> 
     </span>
    </p>
   </div>
   <div class='ocr_carea' id='block_1_2' title="bbox 130 507 1232 808">
    <p class='ocr_par' dir='ltr' id='par_1_2' title="bbox 130 507 1232 808">
     <span class='ocr_line' id='line_1_2' title="bbox 130 507 1171 597; baseline -0.004 -19"><span class='ocrx_word' id='word_1_3' title='bbox 130 519 262 580; x_wconf 84' lang='lat' dir='ltr'>fecerant</span> <span class='ocrx_word' id='word_1_4' title='bbox 293 520 386 596; x_wconf 81' lang='lat' dir='ltr'>prisci</span> <span class='ocrx_word' id='word_1_5' title='bbox 418 523 501 580; x_wconf 86' lang='lat' dir='ltr'>vates</span> <span class='ocrx_word' id='word_1_6' title='bbox 534 537 655 593; x_wconf 86' lang='lat' dir='ltr'>omnes,</span> <span class='ocrx_word' id='word_1_7' title='bbox 685 519 778 578; x_wconf 85' lang='lat' dir='ltr'>trium</span> <span class='ocrx_word' id='word_1_8' title='bbox 811 517 980 591; x_wconf 79' lang='lat' dir='ltr'>Musarum,</span> <span class='ocrx_word' id='word_1_9' title='bbox 1014 507 1171 597; x_wconf 76' lang='grc' dir='ltr'><em>Μελέτης,</em></span> 
     </span>
     <span class='ocr_line' id='line_1_3' title="bbox 131 613 1232 707; baseline -0.005 -23"><span class='ocrx_word' id='word_1_10' title='bbox 131 619 279 707; x_wconf 73' lang='grc' dir='ltr'><em>Μνήμης,</em></span> <span class='ocrx_word' id='word_1_11' title='bbox 312 615 455 706; x_wconf 56' lang='lat' dir='ltr'>morbac,</span> <span class='ocrx_word' id='word_1_12' title='bbox 490 624 635 702; x_wconf 88' lang='lat' dir='ltr'>cultores;</span> <span class='ocrx_word' id='word_1_13' title='bbox 669 623 744 700; x_wconf 89' lang='lat' dir='ltr'>quin</span> <span class='ocrx_word' id='word_1_14' title='bbox 771 623 868 683; x_wconf 89' lang='lat' dir='ltr'>adhue</span> <span class='ocrx_word' id='word_1_15' title='bbox 901 622 1030 682; x_wconf 86' lang='lat' dir='ltr'>Socratis</span> <span class='ocrx_word' id='word_1_16' title='bbox 1059 613 1173 700; x_wconf 71' lang='lat' dir='ltr'>aetalte,</span> <span class='ocrx_word' id='word_1_17' title='bbox 1183 625 1232 680; x_wconf 91' lang='lat'>101</span> 
     </span>
     <span class='ocr_line' id='line_1_4' title="bbox 131 727 1174 808; baseline -0.007 -17"><span class='ocrx_word' id='word_1_18' title='bbox 131 750 223 808; x_wconf 90' lang='lat' dir='ltr'>quum</span> <span class='ocrx_word' id='word_1_19' title='bbox 246 730 356 807; x_wconf 87' lang='lat' dir='ltr'>scripta</span> <span class='ocrx_word' id='word_1_20' title='bbox 378 730 562 807; x_wconf 85' lang='lat' dir='ltr'>exemplaria</span> <span class='ocrx_word' id='word_1_21' title='bbox 583 730 706 790; x_wconf 82' lang='lat' dir='ltr'>Homeri</span> <span class='ocrx_word' id='word_1_22' title='bbox 734 749 752 788; x_wconf 92' lang='lat' dir='ltr'>a</span> <span class='ocrx_word' id='word_1_23' title='bbox 775 729 931 805; x_wconf 89' lang='lat' dir='ltr'>rhapsodis</span> <span class='ocrx_word' id='word_1_24' title='bbox 954 727 1083 786; x_wconf 82' lang='lat' dir='ltr'><strong>maxime</strong></span> <span class='ocrx_word' id='word_1_25' title='bbox 1106 744 1174 785; x_wconf 90' lang='lat' dir='ltr'>eon-</span> 
     </span>
    </p>
   </div>
   <div class='ocr_carea' id='block_1_3' title="bbox 25 825 1143 913">
    <p class='ocr_par' dir='ltr' id='par_1_3' title="bbox 25 825 1143 913">
     <span class='ocr_line' id='line_1_5' title="bbox 25 825 1143 913; baseline -0.008 -16"><span class='ocrx_word' id='word_1_26' title='bbox 25 871 26 908; x_wconf 70' lang='lat'>3</span> <span class='ocrx_word' id='word_1_27' title='bbox 131 832 393 913; x_wconf 66' lang='lat' dir='ltr'>quaerenturtt),</span> <span class='ocrx_word' id='word_1_28' title='bbox 413 836 479 912; x_wconf 88' lang='lat' dir='ltr'>ipsa</span> <span class='ocrx_word' id='word_1_29' title='bbox 500 836 635 896; x_wconf 85' lang='lat' dir='ltr'>recitatio</span> <span class='ocrx_word' id='word_1_30' title='bbox 657 853 717 894; x_wconf 95' lang='lat' dir='ltr'>non</span> <span class='ocrx_word' id='word_1_31' title='bbox 740 839 787 894; x_wconf 88' lang='lat' dir='ltr'>est</span> <span class='ocrx_word' id='word_1_32' title='bbox 808 835 886 894; x_wconf 84' lang='lat' dir='ltr'>faeta</span> <span class='ocrx_word' id='word_1_33' title='bbox 908 833 946 892; x_wconf 93' lang='lat' dir='ltr'>de</span> <span class='ocrx_word' id='word_1_34' title='bbox 969 831 1078 908; x_wconf 88' lang='lat' dir='ltr'>scripto</span> <span class='ocrx_word' id='word_1_35' title='bbox 1091 825 1143 910; x_wconf 81' lang='lat'>⁷⁰).</span> 
     </span>
    </p>
   </div>
   <div class='ocr_carea' id='block_1_4' title="bbox 130 938 1176 1754">
    <p class='ocr_par' dir='ltr' id='par_1_4' title="bbox 130 938 1176 1754">
     <span class='ocr_line' id='line_1_6' title="bbox 217 938 1176 1017; baseline -0.006 -15"><span class='ocrx_word' id='word_1_36' title='bbox 217 941 328 1017; x_wconf 88' lang='lat' dir='ltr'>Stupes</span> <span class='ocrx_word' id='word_1_37' title='bbox 350 941 475 1001; x_wconf 81' lang='lat' dir='ltr'>fortasse</span> <span class='ocrx_word' id='word_1_38' title='bbox 498 942 535 1000; x_wconf 84' lang='lat' dir='ltr'>ad</span> <span class='ocrx_word' id='word_1_39' title='bbox 557 945 670 1000; x_wconf 85' lang='lat' dir='ltr'>tantam</span> <span class='ocrx_word' id='word_1_40' title='bbox 691 940 883 1016; x_wconf 73' lang='lat' dir='ltr'>capacitatem</span> <span class='ocrx_word' id='word_1_41' title='bbox 902 938 1077 1012; x_wconf 77' lang='lat' dir='ltr'>memoriae,</span> <span class='ocrx_word' id='word_1_42' title='bbox 1100 956 1176 1014; x_wconf 90' lang='lat' dir='ltr'>quae</span> 
     </span>
     <span class='ocr_line' id='line_1_7' title="bbox 130 1043 1175 1122; baseline -0.005 -16"><span class='ocrx_word' id='word_1_43' title='bbox 130 1051 226 1106; x_wconf 90' lang='lat' dir='ltr'>totum</span> <span class='ocrx_word' id='word_1_44' title='bbox 246 1045 410 1107; x_wconf 87' lang='lat' dir='ltr'>Homerum</span> <span class='ocrx_word' id='word_1_45' title='bbox 443 1047 600 1122; x_wconf 81' lang='lat' dir='ltr'>complecti</span> <span class='ocrx_word' id='word_1_46' title='bbox 633 1046 783 1122; x_wconf 82' lang='lat' dir='ltr'>potuerit?</span> <span class='ocrx_word' id='word_1_47' title='bbox 828 1044 902 1104; x_wconf 85' lang='lat' dir='ltr'>Mihi</span> <span class='ocrx_word' id='word_1_48' title='bbox 931 1062 1001 1104; x_wconf 84' lang='lat' dir='ltr'>vero</span> <span class='ocrx_word' id='word_1_49' title='bbox 1031 1044 1062 1102; x_wconf 89' lang='lat' dir='ltr'>id</span> <span class='ocrx_word' id='word_1_50' title='bbox 1084 1043 1175 1103; x_wconf 87' lang='lat' dir='ltr'>etiam</span> 
     </span>
     <span class='ocr_line' id='line_1_8' title="bbox 131 1149 1176 1229; baseline -0.004 -19"><span class='ocrx_word' id='word_1_51' title='bbox 131 1171 237 1229; x_wconf 84' lang='lat' dir='ltr'>parum</span> <span class='ocrx_word' id='word_1_52' title='bbox 259 1152 392 1226; x_wconf 73' lang='lat' dir='ltr'>videtin,</span> <span class='ocrx_word' id='word_1_53' title='bbox 423 1152 576 1228; x_wconf 89' lang='lat' dir='ltr'>multoque</span> <span class='ocrx_word' id='word_1_54' title='bbox 599 1151 686 1227; x_wconf 91' lang='lat' dir='ltr'>plura</span> <span class='ocrx_word' id='word_1_55' title='bbox 707 1168 921 1226; x_wconf 88' lang='lat' dir='ltr'>nonnunquam</span> <span class='ocrx_word' id='word_1_56' title='bbox 939 1150 1032 1208; x_wconf 90' lang='lat' dir='ltr'>bonos</span> <span class='ocrx_word' id='word_1_57' title='bbox 1054 1149 1176 1223; x_wconf 85' lang='lat' dir='ltr'>rhapso-</span> 
     </span>
     <span class='ocr_line' id='line_1_9' title="bbox 131 1251 1174 1334; baseline -0.004 -20"><span class='ocrx_word' id='word_1_58' title='bbox 131 1257 183 1316; x_wconf 92' lang='lat' dir='ltr'>dos</span> <span class='ocrx_word' id='word_1_59' title='bbox 206 1257 343 1316; x_wconf 87' lang='lat' dir='ltr'>tenuisse</span> <span class='ocrx_word' id='word_1_60' title='bbox 366 1258 509 1334; x_wconf 88' lang='lat' dir='ltr'>suspicor.</span> <span class='ocrx_word' id='word_1_61' title='bbox 554 1256 675 1316; x_wconf 77' lang='lat' dir='ltr'>Etenim</span> <span class='ocrx_word' id='word_1_62' title='bbox 697 1256 723 1314; x_wconf 88' lang='lat' dir='ltr'>si</span> <span class='ocrx_word' id='word_1_63' title='bbox 745 1254 836 1315; x_wconf 90' lang='lat' dir='ltr'>etiam</span> <span class='ocrx_word' id='word_1_64' title='bbox 858 1259 936 1329; x_wconf 88' lang='lat' dir='ltr'>tum,</span> <span class='ocrx_word' id='word_1_65' title='bbox 960 1272 1053 1331; x_wconf 90' lang='lat' dir='ltr'>quum</span> <span class='ocrx_word' id='word_1_66' title='bbox 1075 1251 1174 1310; x_wconf 87' lang='lat' dir='ltr'>multi-</span> 
     </span>
     <span class='ocr_line' id='line_1_10' title="bbox 131 1358 1175 1437; baseline -0.004 -17"><span class='ocrx_word' id='word_1_67' title='bbox 131 1361 201 1437; x_wconf 86' lang='lat' dir='ltr'>plex</span> <span class='ocrx_word' id='word_1_68' title='bbox 223 1361 372 1436; x_wconf 88' lang='lat' dir='ltr'>doctriua,</span> <span class='ocrx_word' id='word_1_69' title='bbox 401 1361 438 1420; x_wconf 87' lang='lat' dir='ltr'>ad</span> <span class='ocrx_word' id='word_1_70' title='bbox 461 1361 620 1420; x_wconf 88' lang='lat' dir='ltr'>lectionem</span> <span class='ocrx_word' id='word_1_71' title='bbox 642 1361 786 1420; x_wconf 90' lang='lat' dir='ltr'>librorum</span> <span class='ocrx_word' id='word_1_72' title='bbox 807 1364 955 1433; x_wconf 86' lang='lat' dir='ltr'>revocata,</span> <span class='ocrx_word' id='word_1_73' title='bbox 978 1358 1175 1418; x_wconf 87' lang='lat' dir='ltr'>cultissimae-</span> 
     </span>
     <span class='ocr_line' id='line_1_11' title="bbox 131 1462 1176 1542; baseline -0.004 -18"><span class='ocrx_word' id='word_1_74' title='bbox 131 1483 188 1542; x_wconf 88' lang='lat' dir='ltr'>que</span> <span class='ocrx_word' id='word_1_75' title='bbox 218 1465 299 1524; x_wconf 83' lang='lat' dir='ltr'>vitae</span> <span class='ocrx_word' id='word_1_76' title='bbox 328 1465 450 1540; x_wconf 84' lang='lat' dir='ltr'>negotia</span> <span class='ocrx_word' id='word_1_77' title='bbox 482 1466 644 1524; x_wconf 79' lang='lat' dir='ltr'>obruebant</span> <span class='ocrx_word' id='word_1_78' title='bbox 673 1465 861 1539; x_wconf 88' lang='lat' dir='ltr'>memoriam,</span> <span class='ocrx_word' id='word_1_79' title='bbox 894 1463 1021 1522; x_wconf 88' lang='lat' dir='ltr'>Athenis</span> <span class='ocrx_word' id='word_1_80' title='bbox 1053 1462 1176 1521; x_wconf 85' lang='lat' dir='ltr'>fuerunt</span> 
     </span>
     <span class='ocr_line' id='line_1_12' title="bbox 130 1566 1175 1646; baseline 0 -20"><span class='ocrx_word' id='word_1_81' title='bbox 130 1569 293 1628; x_wconf 76' lang='lat' dir='ltr'>liberaliter</span> <span class='ocrx_word' id='word_1_82' title='bbox 314 1569 448 1644; x_wconf 88' lang='lat' dir='ltr'>educati,</span> <span class='ocrx_word' id='word_1_83' title='bbox 476 1570 529 1646; x_wconf 90' lang='lat' dir='ltr'>qui</span> <span class='ocrx_word' id='word_1_84' title='bbox 547 1571 718 1629; x_wconf 85' lang='lat' dir='ltr'>universam</span> <span class='ocrx_word' id='word_1_85' title='bbox 740 1569 834 1628; x_wconf 87' lang='lat' dir='ltr'>Iliada</span> <span class='ocrx_word' id='word_1_86' title='bbox 856 1573 887 1626; x_wconf 92' lang='lat' dir='ltr'>et</span> <span class='ocrx_word' id='word_1_87' title='bbox 906 1566 1070 1642; x_wconf 85' lang='lat' dir='ltr'>Odysseam</span> <span class='ocrx_word' id='word_1_88' title='bbox 1092 1571 1175 1626; x_wconf 89' lang='lat' dir='ltr'>tene-</span> 
     </span>
     <span class='ocr_line' id='line_1_13' title="bbox 130 1669 1175 1754; baseline -0.001 -23"><span class='ocrx_word' id='word_1_89' title='bbox 130 1669 269 1754; x_wconf 77' lang='lat' dir='ltr'>rent⁷²);</span> <span class='ocrx_word' id='word_1_90' title='bbox 301 1675 374 1750; x_wconf 90' lang='lat' dir='ltr'>quid</span> <span class='ocrx_word' id='word_1_91' title='bbox 406 1675 534 1750; x_wconf 85' lang='lat' dir='ltr'>ambigis</span> <span class='ocrx_word' id='word_1_92' title='bbox 568 1675 605 1734; x_wconf 91' lang='lat' dir='ltr'>de</span> <span class='ocrx_word' id='word_1_93' title='bbox 640 1674 679 1732; x_wconf 89' lang='lat' dir='ltr'>iis</span> <span class='ocrx_word' id='word_1_94' title='bbox 710 1674 895 1748; x_wconf 88' lang='lat' dir='ltr'>hominibus,</span> <span class='ocrx_word' id='word_1_95' title='bbox 928 1673 980 1750; x_wconf 89' lang='lat' dir='ltr'>qui</span> <span class='ocrx_word' id='word_1_96' title='bbox 1010 1673 1043 1730; x_wconf 88' lang='lat' dir='ltr'>in</span> <span class='ocrx_word' id='word_1_97' title='bbox 1067 1671 1120 1729; x_wconf 90' lang='lat' dir='ltr'>tali</span> <span class='ocrx_word' id='word_1_98' title='bbox 1142 1689 1175 1730; x_wconf 93' lang='lat' dir='ltr'>re</span> 
     </span>
    </p>
   </div>
   <div class='ocr_carea' id='block_1_5' title="bbox 25 1777 1175 1961">
    <p class='ocr_par' dir='ltr' id='par_1_5' title="bbox 25 1777 1175 1961">
     <span class='ocr_line' id='line_1_14' title="bbox 25 1777 1175 1856; baseline -0.002 -18"><span class='ocrx_word' id='word_1_99' title='bbox 25 1849 26 1856; x_wconf 37' lang='lat'>,</span> <span class='ocrx_word' id='word_1_100' title='bbox 131 1779 251 1838; x_wconf 80' lang='lat' dir='ltr'>assidue</span> <span class='ocrx_word' id='word_1_101' title='bbox 271 1796 390 1854; x_wconf 88' lang='lat' dir='ltr'>operam</span> <span class='ocrx_word' id='word_1_102' title='bbox 417 1779 568 1854; x_wconf 87' lang='lat' dir='ltr'>locabant,</span> <span class='ocrx_word' id='word_1_103' title='bbox 600 1785 631 1839; x_wconf 88' lang='lat' dir='ltr'>et</span> <span class='ocrx_word' id='word_1_104' title='bbox 662 1779 723 1838; x_wconf 89' lang='lat' dir='ltr'>illis</span> <span class='ocrx_word' id='word_1_105' title='bbox 752 1780 785 1837; x_wconf 90' lang='lat' dir='ltr'>in</span> <span class='ocrx_word' id='word_1_106' title='bbox 806 1777 947 1852; x_wconf 91' lang='lat' dir='ltr'>saeculis,</span> <span class='ocrx_word' id='word_1_107' title='bbox 978 1779 1029 1837; x_wconf 93' lang='lat' dir='ltr'>ubi</span> <span class='ocrx_word' id='word_1_108' title='bbox 1059 1778 1175 1836; x_wconf 89' lang='lat' dir='ltr'>brevior</span> 
     </span>
     <span class='ocr_line' id='line_1_15' title="bbox 131 1883 1174 1961; baseline -0.001 -19.092"><span class='ocrx_word' id='word_1_109' title='bbox 131 1883 209 1942; x_wconf 91' lang='lat' dir='ltr'>orbis</span> <span class='ocrx_word' id='word_1_110' title='bbox 232 1884 443 1942; x_wconf 88' lang='lat' dir='ltr'>discendorum</span> <span class='ocrx_word' id='word_1_111' title='bbox 463 1885 593 1960; x_wconf 86' lang='lat' dir='ltr'>ingeniis</span> <span class='ocrx_word' id='word_1_112' title='bbox 617 1886 699 1961; x_wconf 89' lang='lat' dir='ltr'>quasi</span> <span class='ocrx_word' id='word_1_113' title='bbox 725 1885 904 1943; x_wconf 85' lang='lat' dir='ltr'>vacuitatem</span> <span class='ocrx_word' id='word_1_114' title='bbox 927 1883 1029 1957; x_wconf 88' lang='lat' dir='ltr'>dabat,</span> <span class='ocrx_word' id='word_1_115' title='bbox 1057 1883 1174 1959; x_wconf 88' lang='lat' dir='ltr'>sapien-</span> 
     </span>
    </p>
   </div>
   <div class='ocr_carea' id='block_1_6' title="bbox 130 1981 1232 2170">
    <p class='ocr_par' dir='ltr' id='par_1_6' title="bbox 130 1981 1232 2170">
     <span class='ocr_line' id='line_1_16' title="bbox 132 1981 1173 2066; baseline 0.001 -20"><span class='ocrx_word' id='word_1_116' title='bbox 132 1989 251 2066; x_wconf 89' lang='lat' dir='ltr'>tiaeque</span> <span class='ocrx_word' id='word_1_117' title='bbox 274 1989 352 2047; x_wconf 89' lang='lat' dir='ltr'>fama</span> <span class='ocrx_word' id='word_1_118' title='bbox 372 1988 460 2066; x_wconf 86' lang='lat' dir='ltr'>longe</span> <span class='ocrx_word' id='word_1_119' title='bbox 482 1989 551 2049; x_wconf 90' lang='lat' dir='ltr'>aliis</span> <span class='ocrx_word' id='word_1_120' title='bbox 566 1989 676 2049; x_wconf 88' lang='lat' dir='ltr'>studiis</span> <span class='ocrx_word' id='word_1_121' title='bbox 691 1990 869 2065; x_wconf 77' lang='lat' dir='ltr'>parabatur?</span> <span class='ocrx_word' id='word_1_122' title='bbox 914 1987 1010 2061; x_wconf 82' lang='lat' dir='ltr'>Quid?</span> <span class='ocrx_word' id='word_1_123' title='bbox 1032 1987 1117 2047; x_wconf 86' lang='lat' dir='ltr'>Plato</span> <span class='ocrx_word' id='word_1_124' title='bbox 1132 1981 1173 2066; x_wconf 74' lang='lat'>⁷²)</span> 
     </span>
     <span class='ocr_line' id='line_1_17' title="bbox 130 2092 1232 2170; baseline -0.002 -18"><span class='ocrx_word' id='word_1_125' title='bbox 130 2093 253 2170; x_wconf 92' lang='lat' dir='ltr'>quidem</span> <span class='ocrx_word' id='word_1_126' title='bbox 285 2098 375 2169; x_wconf 90' lang='lat' dir='ltr'>atque</span> <span class='ocrx_word' id='word_1_127' title='bbox 408 2094 459 2152; x_wconf 91' lang='lat' dir='ltr'>alii</span> <span class='ocrx_word' id='word_1_128' title='bbox 490 2099 609 2154; x_wconf 87' lang='lat' dir='ltr'>veteres</span> <span class='ocrx_word' id='word_1_129' title='bbox 640 2094 808 2170; x_wconf 89' lang='lat' dir='ltr'>philosophi</span> <span class='ocrx_word' id='word_1_130' title='bbox 841 2093 1062 2167; x_wconf 86' lang='lat' dir='ltr'>iudicaverunt,</span> <span class='ocrx_word' id='word_1_131' title='bbox 1095 2092 1173 2152; x_wconf 89' lang='lat' dir='ltr'>hanc</span> <span class='ocrx_word' id='word_1_132' title='bbox 1182 2098 1232 2152; x_wconf 86' lang='lat'>102</span> 
     </span>
    </p>
   </div>
   <div class='ocr_carea' id='block_1_7' title="bbox 25 2197 1174 2592">
    <p class='ocr_par' dir='ltr' id='par_1_7' title="bbox 25 2197 1174 2592">
     <span class='ocr_line' id='line_1_18' title="bbox 25 2197 1173 2274; baseline 0.001 -19"><span class='ocrx_word' id='word_1_133' title='bbox 25 2231 27 2270; x_wconf 75' lang='lat'>3</span> <span class='ocrx_word' id='word_1_134' title='bbox 128 2197 302 2257; x_wconf 81' lang='lat' dir='ltr'>facultatem</span> <span class='ocrx_word' id='word_1_135' title='bbox 324 2198 416 2257; x_wconf 87' lang='lat' dir='ltr'>animi</span> <span class='ocrx_word' id='word_1_136' title='bbox 439 2200 533 2258; x_wconf 89' lang='lat' dir='ltr'>nostri</span> <span class='ocrx_word' id='word_1_137' title='bbox 553 2199 735 2258; x_wconf 86' lang='lat' dir='ltr'>metiendam</span> <span class='ocrx_word' id='word_1_138' title='bbox 767 2217 827 2260; x_wconf 93' lang='lat' dir='ltr'>non</span> <span class='ocrx_word' id='word_1_139' title='bbox 847 2215 913 2257; x_wconf 87' lang='lat' dir='ltr'>esse</span> <span class='ocrx_word' id='word_1_140' title='bbox 936 2215 1039 2256; x_wconf 91' lang='lat' dir='ltr'>eorum</span> <span class='ocrx_word' id='word_1_141' title='bbox 1061 2203 1173 2274; x_wconf 89' lang='lat' dir='ltr'>tempo-</span> 
     </span>
     <span class='ocr_line' id='line_1_19' title="bbox 128 2302 1174 2380; baseline 0.001 -18.91"><span class='ocrx_word' id='word_1_142' title='bbox 128 2321 196 2362; x_wconf 89' lang='lat' dir='ltr'>rum</span> <span class='ocrx_word' id='word_1_143' title='bbox 218 2303 353 2377; x_wconf 90' lang='lat' dir='ltr'>modulo,</span> <span class='ocrx_word' id='word_1_144' title='bbox 380 2323 474 2380; x_wconf 90' lang='lat' dir='ltr'>quum</span> <span class='ocrx_word' id='word_1_145' title='bbox 500 2309 659 2380; x_wconf 89' lang='lat' dir='ltr'>apparatus</span> <span class='ocrx_word' id='word_1_146' title='bbox 690 2304 889 2363; x_wconf 86' lang='lat' dir='ltr'>subsidiorum</span> <span class='ocrx_word' id='word_1_147' title='bbox 922 2304 1005 2362; x_wconf 87' lang='lat' dir='ltr'>illius</span> <span class='ocrx_word' id='word_1_148' title='bbox 1027 2302 1174 2362; x_wconf 88' lang='lat' dir='ltr'>culturam</span> 
     </span>
     <span class='ocr_line' id='line_1_20' title="bbox 128 2408 1174 2486; baseline 0.002 -19.821"><span class='ocrx_word' id='word_1_149' title='bbox 128 2408 301 2484; x_wconf 73' lang='lat' dir='ltr'>impediret,</span> <span class='ocrx_word' id='word_1_150' title='bbox 325 2408 464 2468; x_wconf 81' lang='lat' dir='ltr'>inventas</span> <span class='ocrx_word' id='word_1_151' title='bbox 479 2409 593 2468; x_wconf 88' lang='lat' dir='ltr'>litteras</span> <span class='ocrx_word' id='word_1_152' title='bbox 608 2409 755 2486; x_wconf 85' lang='lat' dir='ltr'>profuisse</span> <span class='ocrx_word' id='word_1_153' title='bbox 770 2408 953 2484; x_wconf 76' lang='lat' dir='ltr'>disciplinis,</span> <span class='ocrx_word' id='word_1_154' title='bbox 976 2409 1029 2468; x_wconf 90' lang='lat' dir='ltr'>sed</span> <span class='ocrx_word' id='word_1_155' title='bbox 1044 2408 1174 2468; x_wconf 88' lang='lat' dir='ltr'>obfuisse</span> 
     </span>
     <span class='ocr_line' id='line_1_21' title="bbox 129 2512 1173 2592; baseline 0.002 -20.819"><span class='ocrx_word' id='word_1_156' title='bbox 129 2512 327 2587; x_wconf 88' lang='lat' dir='ltr'>discentibus,</span> <span class='ocrx_word' id='word_1_157' title='bbox 363 2513 436 2573; x_wconf 88' lang='lat' dir='ltr'>adeo</span> <span class='ocrx_word' id='word_1_158' title='bbox 464 2519 499 2573; x_wconf 95' lang='lat' dir='ltr'>ut</span> <span class='ocrx_word' id='word_1_159' title='bbox 528 2533 604 2592; x_wconf 87' lang='lat' dir='ltr'>quae</span> <span class='ocrx_word' id='word_1_160' title='bbox 634 2515 768 2574; x_wconf 80' lang='lat' dir='ltr'>inventio</span> <span class='ocrx_word' id='word_1_161' title='bbox 796 2514 981 2574; x_wconf 89' lang='lat' dir='ltr'>medicamen</span> <span class='ocrx_word' id='word_1_162' title='bbox 1015 2513 1173 2573; x_wconf 85' lang='lat' dir='ltr'>memoriae</span> 
     </span>
    </p>
   </div>
   <div class='ocr_carea' id='block_1_8' title="bbox 129 2617 1174 2696">
    <p class='ocr_par' dir='ltr' id='par_1_8' title="bbox 129 2617 1174 2696">
     <span class='ocr_line' id='line_1_22' title="bbox 129 2617 1174 2696; baseline 0.002 -20"><span class='ocrx_word' id='word_1_163' title='bbox 129 2617 209 2677; x_wconf 85' lang='lat' dir='ltr'>dicta</span> <span class='ocrx_word' id='word_1_164' title='bbox 239 2623 336 2693; x_wconf 88' lang='lat' dir='ltr'>esset,</span> <span class='ocrx_word' id='word_1_165' title='bbox 367 2619 471 2680; x_wconf 88' lang='lat' dir='ltr'>eadem</span> <span class='ocrx_word' id='word_1_166' title='bbox 501 2637 562 2678; x_wconf 93' lang='lat' dir='ltr'>non</span> <span class='ocrx_word' id='word_1_167' title='bbox 588 2620 737 2678; x_wconf 88' lang='lat' dir='ltr'>immerito</span> <span class='ocrx_word' id='word_1_168' title='bbox 767 2636 846 2678; x_wconf 82' lang='lat' dir='ltr'>noxa</span> <span class='ocrx_word' id='word_1_169' title='bbox 875 2619 941 2680; x_wconf 90' lang='lat' dir='ltr'>eius</span> <span class='ocrx_word' id='word_1_170' title='bbox 970 2624 1002 2678; x_wconf 89' lang='lat' dir='ltr'>et</span> <span class='ocrx_word' id='word_1_171' title='bbox 1023 2619 1174 2696; x_wconf 89' lang='lat' dir='ltr'>pernicies</span> 
     </span>
    </p>
   </div>
   <div class='ocr_carea' id='block_1_9' title="bbox 25 2842 1173 3089">
    <p class='ocr_par' dir='ltr' id='par_1_9' title="bbox 25 2842 1173 3089">
     <span class='ocr_line' id='line_1_23' title="bbox 217 2842 679 2914; baseline -0.004 -16"><span class='ocrx_word' id='word_1_172' title='bbox 217 2844 262 2910; x_wconf 89' lang='grc'>69)</span> <span class='ocrx_word' id='word_1_173' title='bbox 281 2843 405 2912; x_wconf 88' lang='lat' dir='ltr'>Xenoph.</span> <span class='ocrx_word' id='word_1_174' title='bbox 424 2842 460 2896; x_wconf 85' lang='lat' dir='ltr'>M.</span> <span class='ocrx_word' id='word_1_175' title='bbox 480 2843 505 2897; x_wconf 82' lang='lat' dir='ltr'>S.</span> <span class='ocrx_word' id='word_1_176' title='bbox 524 2843 573 2911; x_wconf 85' lang='lat' dir='ltr'>IV,</span> <span class='ocrx_word' id='word_1_177' title='bbox 593 2843 679 2914; x_wconf 29' lang='lat'>2„10.</span> 
     </span>
     <span class='ocr_line' id='line_1_24' title="bbox 25 2930 1173 3008; baseline 0.001 -24"><span class='ocrx_word' id='word_1_178' title='bbox 25 2983 27 3008; x_wconf 59' lang='lat'>,</span> <span class='ocrx_word' id='word_1_179' title='bbox 218 2931 263 2998; x_wconf 77' lang='lat'>70)</span> <span class='ocrx_word' id='word_1_180' title='bbox 282 2931 393 2998; x_wconf 88' lang='lat' dir='ltr'>ineptus</span> <span class='ocrx_word' id='word_1_181' title='bbox 420 2930 514 2986; x_wconf 84' lang='lat' dir='ltr'>videor</span> <span class='ocrx_word' id='word_1_182' title='bbox 540 2930 609 2984; x_wconf 91' lang='lat' dir='ltr'>mihi</span> <span class='ocrx_word' id='word_1_183' title='bbox 636 2931 709 3000; x_wconf 90' lang='lat' dir='ltr'>ipse,</span> <span class='ocrx_word' id='word_1_184' title='bbox 739 2931 787 3000; x_wconf 92' lang='lat' dir='ltr'>qui</span> <span class='ocrx_word' id='word_1_185' title='bbox 815 2932 881 2986; x_wconf 86' lang='lat' dir='ltr'>talia</span> <span class='ocrx_word' id='word_1_186' title='bbox 907 2933 1024 2986; x_wconf 88' lang='lat' dir='ltr'>doceam.</span> <span class='ocrx_word' id='word_1_187' title='bbox 1062 2932 1114 2987; x_wconf 83' lang='lat' dir='ltr'>Sed</span> <span class='ocrx_word' id='word_1_188' title='bbox 1139 2950 1173 2985; x_wconf 88' lang='lat' dir='ltr'>ne</span> 
     </span>
     <span class='ocr_line' id='line_1_25' title="bbox 25 3009 1173 3089; baseline 0.002 -17"><span class='ocrx_word' id='word_1_189' title='bbox 25 3009 27 3080; x_wconf 70' lang='grc' dir='ltr'>Ϊ</span> <span class='ocrx_word' id='word_1_190' title='bbox 128 3017 198 3072; x_wconf 89' lang='lat' dir='ltr'>illud</span> <span class='ocrx_word' id='word_1_191' title='bbox 217 3018 328 3089; x_wconf 90' lang='lat' dir='ltr'>quidem</span> <span class='ocrx_word' id='word_1_192' title='bbox 346 3017 464 3071; x_wconf 86' lang='lat' dir='ltr'>assecuti</span> <span class='ocrx_word' id='word_1_193' title='bbox 479 3020 543 3070; x_wconf 87' lang='lat' dir='ltr'>sunt</span> <span class='ocrx_word' id='word_1_194' title='bbox 560 3018 655 3086; x_wconf 68' lang='lat' dir='ltr'>multi,</span> <span class='ocrx_word' id='word_1_195' title='bbox 675 3018 759 3072; x_wconf 90' lang='lat' dir='ltr'>immo</span> <span class='ocrx_word' id='word_1_196' title='bbox 777 3035 812 3071; x_wconf 85' lang='lat' dir='ltr'>ex</span> <span class='ocrx_word' id='word_1_197' title='bbox 825 3019 946 3073; x_wconf 87' lang='lat' dir='ltr'>Platonis</span> <span class='ocrx_word' id='word_1_198' title='bbox 963 3021 1027 3074; x_wconf 82' lang='lat' dir='ltr'>ione</span> <span class='ocrx_word' id='word_1_199' title='bbox 1040 3021 1173 3088; x_wconf 87' lang='lat' dir='ltr'>opinionis</span> 
     </span>
    </p>
   </div>
   <div class='ocr_carea' id='block_1_10' title="bbox 25 3105 1173 3264">
    <p class='ocr_par' dir='ltr' id='par_1_10' title="bbox 25 3105 1173 3284">
     <span class='ocr_line' id='line_1_26' title="bbox 25 3105 1173 3175; baseline 0.001 -15"><span class='ocrx_word' id='word_1_200' title='bbox 25 3137 27 3170; x_wconf 59' lang='lat'>2</span> <span class='ocrx_word' id='word_1_201' title='bbox 128 3123 193 3161; x_wconf 86' lang='lat' dir='ltr'>suae</span> <span class='ocrx_word' id='word_1_202' title='bbox 212 3105 379 3175; x_wconf 88' lang='lat' dir='ltr'>praesidinm</span> <span class='ocrx_word' id='word_1_203' title='bbox 397 3107 549 3174; x_wconf 88' lang='lat' dir='ltr'>captarunt,</span> <span class='ocrx_word' id='word_1_204' title='bbox 575 3105 622 3158; x_wconf 91' lang='lat' dir='ltr'>ubi</span> <span class='ocrx_word' id='word_1_205' title='bbox 644 3108 735 3160; x_wconf 92' lang='lat' dir='ltr'>tamen</span> <span class='ocrx_word' id='word_1_206' title='bbox 757 3107 890 3175; x_wconf 87' lang='lat' dir='ltr'>rhapsodo</span> <span class='ocrx_word' id='word_1_207' title='bbox 908 3107 1026 3160; x_wconf 87' lang='lat' dir='ltr'>maxime</span> <span class='ocrx_word' id='word_1_208' title='bbox 1048 3124 1173 3162; x_wconf 89' lang='lat' dir='ltr'>necessa-</span> 
     </span>
     <span class='ocr_line' id='line_1_27' title="bbox 127 3193 1173 3264; baseline 0.001 -15.911"><span class='ocrx_word' id='word_1_209' title='bbox 127 3195 201 3248; x_wconf 89' lang='lat' dir='ltr'>rium</span> <span class='ocrx_word' id='word_1_210' title='bbox 220 3209 281 3248; x_wconf 88' lang='lat' dir='ltr'>esse</span> <span class='ocrx_word' id='word_1_211' title='bbox 300 3194 399 3246; x_wconf 84' lang='lat' dir='ltr'>dicitur</span> <span class='ocrx_word' id='word_1_212' title='bbox 418 3193 548 3244; x_wconf 83' lang='lat' dir='ltr'>memoria</span> <span class='ocrx_word' id='word_1_213' title='bbox 565 3193 654 3247; x_wconf 75' lang='lat' dir='ltr'>ualere</span> <span class='ocrx_word' id='word_1_214' title='bbox 673 3213 697 3263; x_wconf 93' lang='lat' dir='ltr'>p.</span> <span class='ocrx_word' id='word_1_215' title='bbox 715 3195 774 3248; x_wconf 86' lang='lat'>539.</span> <span class='ocrx_word' id='word_1_216' title='bbox 787 3195 832 3264; x_wconf 74' lang='lat' dir='ltr'>n,</span> <span class='ocrx_word' id='word_1_217' title='bbox 859 3195 982 3263; x_wconf 87' lang='lat' dir='ltr'>nihilque</span> <span class='ocrx_word' id='word_1_218' title='bbox 1000 3194 1076 3248; x_wconf 89' lang='lat' dir='ltr'>aliud</span> <span class='ocrx_word' id='word_1_219' title='bbox 1094 3195 1173 3263; x_wconf 90' lang='lat' dir='ltr'>inest,</span> 
     </span>
    </p>
   </div>
   <div class='ocr_carea' id='block_1_11' title="bbox 128 3281 1172 3438">
    <p class='ocr_par' dir='ltr' id='par_1_11' title="bbox 128 3281 1172 3438">
     <span class='ocr_line' id='line_1_28' title="bbox 128 3281 1172 3351; baseline 0.001 -16"><span class='ocrx_word' id='word_1_220' title='bbox 128 3282 201 3350; x_wconf 88' lang='lat' dir='ltr'>quod</span> <span class='ocrx_word' id='word_1_221' title='bbox 219 3281 255 3334; x_wconf 86' lang='lat' dir='ltr'>ad</span> <span class='ocrx_word' id='word_1_222' title='bbox 274 3297 355 3334; x_wconf 87' lang='lat' dir='ltr'>usum</span> <span class='ocrx_word' id='word_1_223' title='bbox 376 3281 571 3350; x_wconf 83' lang='lat' dir='ltr'>exemplarium</span> <span class='ocrx_word' id='word_1_224' title='bbox 589 3283 700 3351; x_wconf 89' lang='lat' dir='ltr'>spectet.</span> <span class='ocrx_word' id='word_1_225' title='bbox 735 3281 858 3351; x_wconf 87' lang='lat' dir='ltr'>Denique</span> <span class='ocrx_word' id='word_1_226' title='bbox 876 3282 956 3350; x_wconf 87' lang='lat' dir='ltr'>adde,</span> <span class='ocrx_word' id='word_1_227' title='bbox 976 3282 1047 3350; x_wconf 89' lang='lat' dir='ltr'>qnod</span> <span class='ocrx_word' id='word_1_228' title='bbox 1064 3282 1094 3335; x_wconf 90' lang='lat' dir='ltr'>in</span> <span class='ocrx_word' id='word_1_229' title='bbox 1111 3300 1172 3336; x_wconf 84' lang='lat' dir='ltr'>ver-</span> 
     </span>
     <span class='ocr_line' id='line_1_29' title="bbox 128 3368 1171 3438; baseline 0.002 -16"><span class='ocrx_word' id='word_1_230' title='bbox 128 3369 169 3422; x_wconf 92' lang='lat' dir='ltr'>bis</span> <span class='ocrx_word' id='word_1_231' title='bbox 177 3368 304 3438; x_wconf 89' lang='lat' dir='ltr'>,qnibus</span> <span class='ocrx_word' id='word_1_232' title='bbox 321 3369 514 3438; x_wconf 88' lang='lat' dir='ltr'>rhapsodorum</span> <span class='ocrx_word' id='word_1_233' title='bbox 532 3369 655 3423; x_wconf 87' lang='lat' dir='ltr'>recitatio</span> <span class='ocrx_word' id='word_1_234' title='bbox 674 3371 796 3437; x_wconf 75' lang='lat' dir='ltr'>notatim,</span> <span class='ocrx_word' id='word_1_235' title='bbox 814 3369 920 3422; x_wconf 90' lang='lat' dir='ltr'>nullum</span> <span class='ocrx_word' id='word_1_236' title='bbox 939 3371 993 3438; x_wconf 87' lang='lat' dir='ltr'>est,</span> <span class='ocrx_word' id='word_1_237' title='bbox 1017 3370 1087 3438; x_wconf 86' lang='lat' dir='ltr'>quod</span> <span class='ocrx_word' id='word_1_238' title='bbox 1105 3370 1171 3424; x_wconf 89' lang='lat' dir='ltr'>illuc</span> 
     </span>
    </p>
   </div>
   <div class='ocr_carea' id='block_1_12' title="bbox 25 3411 1173 3660">
    <p class='ocr_par' dir='ltr' id='par_1_12' title="bbox 25 3411 1173 3638">
     <span class='ocr_line' id='line_1_30' title="bbox 25 3411 1173 3528; baseline 0.001 -19"><span class='ocrx_word' id='word_1_239' title='bbox 25 3459 26 3464; x_wconf 76' lang='grc'>’</span> <span class='ocrx_word' id='word_1_240' title='bbox 128 3456 274 3524; x_wconf 86' lang='lat' dir='ltr'>pertineat</span> <span class='ocrx_word' id='word_1_241' title='bbox 310 3455 414 3509; x_wconf 87' lang='lat' dir='ltr'>Dicunt</span> <span class='ocrx_word' id='word_1_242' title='bbox 434 3456 528 3510; x_wconf 84' lang='lat' dir='ltr'>Graeci</span> <span class='ocrx_word' id='word_1_243' title='bbox 543 3457 576 3510; x_wconf 89' lang='lat' dir='ltr'>de</span> <span class='ocrx_word' id='word_1_244' title='bbox 594 3474 626 3511; x_wconf 91' lang='lat' dir='ltr'>ea</span> <span class='ocrx_word' id='word_1_245' title='bbox 644 3449 734 3528; x_wconf 81' lang='grc' dir='ltr'><em>αἰλειν,</em></span> <span class='ocrx_word' id='word_1_246' title='bbox 755 3459 881 3524; x_wconf 75' lang='grc' dir='ltr'><strong><em>ψάλλειν</em></strong></span> <span class='ocrx_word' id='word_1_247' title='bbox 898 3411 1044 3526; x_wconf 66' lang='lat' dir='ltr'>paludato,</span> <span class='ocrx_word' id='word_1_248' title='bbox 1063 3476 1173 3528; x_wconf 85' lang='grc' dir='ltr'><em>μνημο-</em></span> 
     </span>
     <span class='ocr_line' id='line_1_31' title="bbox 25 3541 1172 3660; baseline 0.002 -64"><span class='ocrx_word' id='word_1_249' title='bbox 25 3553 26 3558; x_wconf 78' lang='grc'>’</span> <span class='ocrx_word' id='word_1_250' title='bbox 128 3543 229 3606; x_wconf 81' lang='grc' dir='ltr'><em>νεύειν,</em></span> <span class='ocrx_word' id='word_1_251' title='bbox 250 3541 446 3611; x_wconf 74' lang='grc' dir='ltr'><em>ἀπαγγέλλειν,</em></span> <span class='ocrx_word' id='word_1_252' title='bbox 468 3542 639 3606; x_wconf 73' lang='grc' dir='ltr'><em>διατιθέναι,</em></span> <span class='ocrx_word' id='word_1_253' title='bbox 667 3544 780 3613; x_wconf 88' lang='lat' dir='ltr'>similia,</span> <span class='ocrx_word' id='word_1_254' title='bbox 799 3559 934 3660; x_wconf 87' lang='lat' dir='ltr'>nusquam</span> <span class='ocrx_word' id='word_1_255' title='bbox 926 3543 1172 3656; x_wconf 57' lang='grc' dir='ltr'><em>ανεψιγνωσκειν</em></span> 
     </span>
    </p>
   </div>
   <div class='ocr_carea' id='block_1_13' title="bbox 129 3629 665 3873">
    <p class='ocr_par' dir='ltr' id='par_1_13' title="bbox 129 3629 657 3873">
     <span class='ocr_line' id='line_1_32' title="bbox 129 3629 387 3697; baseline -0.008 -15"><span class='ocrx_word' id='word_1_256' title='bbox 129 3631 175 3682; x_wconf 86' lang='lat' dir='ltr'>aut</span> <span class='ocrx_word' id='word_1_257' title='bbox 192 3629 387 3697; x_wconf 71' lang='grc' dir='ltr'><em>ἀναλέγεσθαι.</em></span> 
     </span>
     <span class='ocr_line' id='line_1_33' title="bbox 215 3715 665 3786; baseline 0.009 -18"><span class='ocrx_word' id='word_1_258' title='bbox 215 3716 260 3781; x_wconf 77' lang='grc'>71)</span> <span class='ocrx_word' id='word_1_259' title='bbox 278 3715 404 3785; x_wconf 89' lang='lat' dir='ltr'>Xenoph.</span> <span class='ocrx_word' id='word_1_260' title='bbox 422 3716 546 3786; x_wconf 83' lang='lat' dir='ltr'>Sympos.</span> <span class='ocrx_word' id='word_1_261' title='bbox 565 3717 620 3784; x_wconf 91' lang='lat' dir='ltr'>HI,</span> <span class='ocrx_word' id='word_1_262' title='bbox 641 3720 665 3772; x_wconf 90' lang='lat'>5.</span> 
     </span>
     <span class='ocr_line' id='line_1_34' title="bbox 215 3801 620 3873; baseline 0.01 -19"><span class='ocrx_word' id='word_1_263' title='bbox 215 3801 620 3873; x_wconf 50' lang='lat' dir='ltr'>Whfflwpmss</span> 
     </span>
    </p>
   </div>
   <div class='ocr_carea' id='block_1_14' title="bbox 0 0 1528 4588">
    <p class='ocr_par' dir='ltr' id='par_1_14' title="bbox 0 0 1528 4588">
     <span class='ocr_line' id='line_1_35' title="bbox 0 0 1528 4588; baseline 0 1"><span class='ocrx_word' id='word_1_264' title='bbox 0 0 1528 4588; x_wconf 95' lang='lat' dir='ltr'> </span> 
     </span>
    </p>
   </div>
  </div>
 </body>
</html>
