3048 4588
315 326 351 380 64
760 303 922 379 Prologomeus,

314 507 365 567 dio
386 527 494 568 novam
517 526 601 568 suem
623 507 800 585 sapientiam
821 508 945 567 illinunt
960 507 1106 581 Homero,
1128 522 1211 564 nunc
1231 507 1356 581 reponte

314 617 377 672 tom
399 613 447 674 sui
466 613 630 673 dissimiles
652 613 780 691 prodire·
824 611 942 691 Quippe
962 613 1039 673 tales
1051 612 1197 672 hebemus
1212 614 1243 670 et
1257 611 1357 669 aucto

314 736 364 777 res
383 719 659 796 antiquissimorum
685 718 886 794 Scholiorum,
916 721 947 777 et
967 718 1069 795 ipsum
1090 715 1295 790 Eustethium‚
1318 731 1358 772 ex

270 827 305 881 85
315 822 424 899 quibus
437 819 626 908 oeterolrum‚
649 824 676 883 si
698 841 759 882 non
781 818 986 899 omniumfl),
1008 827 1139 884 atcerte
1160 821 1358 899 plurimorum

315 931 346 987 et
368 929 547 1007 optimorum
568 930 669 1007 Intpp.
690 929 762 988 olim
783 945 948 988 consensus
968 927 1102 1004 emergit

316 1159 344 1210 οἱ
360 1157 516 1227 Αἰγύπτιοι
535 1156 662 1219 ἐποίουν,
687 1151 784 1216 teloio
800 1173 864 1208 τινα
882 1154 1111 1223 ἱερογλυφοῦντες
1127 1153 1175 1205 καὶ
1191 1151 1309 1211 λοιπούς
1327 1150 1359 1203 δὲ

310 1246 485 1314 χαρακτῆρας
509 1247 550 1304 εἰς
569 1246 712 1312 σημασίαν
737 1229 776 1297 ὧν
800 1243 891 1312 λέγειν
916 1242 1074 1309 ἐβούλοντο,
1102 1241 1173 1292 ούτω
1198 1241 1245 1292 καὶ
1269 1240 1358 1302 αὐτοὶ,

313 1333 389 1385 καθὰ
406 1335 454 1385 καλ
473 1333 528 1385 τῶν
545 1349 617 1391 τινες
635 1331 750 1400 ὕστερον
767 1331 898 1406 Σκυθῶν,
917 1329 1070 1399 ἐσήμαινον
1086 1327 1104 1379 ἃ
1123 1330 1239 1394 ἤθελον,
1257 1326 1359 1380 εἴδωλά
1442 1373 1444 1376 .
1517 1332 1520 1349 “

313 1438 376 1473 τινα
393 1422 441 1472 καλ
459 1417 594 1485 πολυειδῆ
609 1417 756 1488 γραμμικύ
773 1420 894 1488 ξέσματα
918 1417 1106 1488 ἐγγράφοντες
1124 1419 1185 1481 ἤτοι
1204 1415 1359 1485 ἐγγλύφον-

307 1495 357 1566 τες
374 1509 470 1566 πίναξι
488 1509 614 1559 τουτέστι
633 1509 757 1569 σανίσιν,
785 1505 909 1564 ἀλλοίαις
937 1521 966 1556 τε
992 1505 1039 1555 καὶ
1063 1507 1125 1562 ταῖς
1151 1504 1181 1568 ἐκ
1198 1502 1303 1566 πύξων,
1331 1501 1360 1561 ἐξ

315 1584 353 1648 ὧν
371 1595 402 1645 αἱ
417 1593 564 1664 λεγόμεναι
583 1593 704 1653 πυξίόες.
722 1621 758 1631 -
775 1591 894 1660 Σήματά
912 1605 1001 1660 φησιν
1018 1591 1242 1660 ἐγκεκολαμμένα
1261 1593 1359 1642 πίνακι

314 1682 425 1750 πτυκτῷ
443 1683 482 1749 τῷ
497 1680 568 1733 κατὰ
584 1680 635 1746 τὴν
652 1679 840 1749 ἀρχαιοτάτην
854 1686 966 1749 χρῆσιν.
984 1706 1021 1718 -
1046 1682 1157 1732 Πίνακα
1183 1676 1317 1739 πτυκτόν,
1343 1674 1360 1726 δ

314 1785 410 1837 φαμεν
426 1767 507 1839 ἡμεῖς
524 1766 620 1820 δέλτον
637 1770 699 1832 ἤτοι
716 1768 825 1835 βιβλίον
843 1769 859 1832 ἢ
877 1766 1033 1820 πιττάκιον.
1052 1795 1086 1803 -
1104 1758 1185 1835 Ἓχοι
1203 1766 1238 1818 ἄν
1255 1783 1298 1824 τις
1312 1765 1359 1816 καὶ

315 1856 397 1908 τοῦτο
415 1857 454 1915 εἰς
471 1858 626 1926 μαρτυρίαν
643 1855 694 1906 τοῦ
712 1854 803 1914 ξύλοις
826 1854 1055 1925 ἐγχαράσσεσθαί
1077 1870 1146 1905 ποτε
1163 1853 1324 1922 γράμματα,
1343 1849 1359 1901 ὃ

313 1945 436 2011 μάλιστα
454 1944 503 1995 ἐπὶ
520 1929 677 2013 μαρμάριον
693 1943 782 1994 λίθων
800 1941 981 2011 ἐπεχειρήθη,
1004 1941 1048 2011 ἐφ’
1068 1929 1107 1994 ὦν
1124 1941 1171 1992 καὶ
1189 1940 1205 2005 ἡ
1224 1941 1275 1991 τοῦ
1292 1939 1360 2010 γρά-

315 2049 381 2098 φειν
396 2031 526 2100 ἁρμόττει
547 2027 766 2100 ὀνοματοποιλα·
792 2032 818 2082 εί
837 2028 868 2082 δὲ
886 2031 932 2082 καὶ
949 2029 1082 2099 συνήγετο
1100 2030 1248 2095 ἡτοιαύτη
1266 2027 1361 2086 δέλτος

315 2121 331 2186 ἡ
352 2120 381 2171 ἐκ
398 2119 500 2185 πεύκης
519 2118 732 2189 τριγωνοειόῶς,
750 2117 820 2170 κατὰ
838 2117 901 2176 τοὺς
919 2117 1035 2186 ὕστερον
1046 2112 1183 2175 Ἀττικοὺς
1200 2117 1313 2176 ἄξονας,
1331 2115 1361 2167 έν

316 2197 358 2264 οἷς
385 2205 663 2276 ἐπινακογραφοῦντο
691 2205 789 2272 νόμοι,
815 2197 1018 2273 κυριολεκτοῖτο
1045 2204 1081 2257 ἄν
1104 2202 1148 2256 ἐπ’
1178 2203 1262 2268 αὐτῆς
1277 2203 1360 2254 καλό

314 2291 377 2344 καθ’
392 2285 515 2363 Ὅμηρον
533 2295 619 2352 πίναξ
634 2293 681 2344 καὶ
699 2291 806 2362 ἠπαρόι
823 2295 883 2351 τοῖς
897 2291 963 2360 μεθ’
979 2285 1103 2362 Ὅμηρον
1115 2290 1216 2349 δέλτος.
1231 2317 1264 2327 -
1284 2288 1360 2357 Χρὴ,-

316 2393 402 2448 σιμον
416 2377 448 2431 ol
466 2381 506 2438 εές
522 2379 571 2433 τὸν
588 2378 713 2448 παρόντα
730 2377 821 2432 τόπον
836 2380 883 2430 καὶ
900 2378 933 2430 τὸ
945 2379 1066 2431 παλαιὸν
1083 2377 1161 2443 ἔθος,
1181 2377 1246 2430 καθ’
1264 2375 1280 2427 ὃ
1298 2376 1360 2429 όέν-

314 2464 393 2536 όροις
412 2464 464 2518 ὅσα
481 2467 529 2518 καὶ
547 2469 660 2526 πίναξιν
678 2465 862 2519 ἐνεκόλαπτον
881 2467 910 2516 οἱ
927 2467 1045 2517 παλαιοὶ
1062 2465 1097 2517 τὰ
1116 2466 1171 2519 τῶν
1183 2466 1361 2534 φιλυυμένων

316 2552 453 2622 ὀνόματα,
472 2554 508 2612 ὡς
526 2555 604 2624 εἴπερ
616 2546 731 2622 Ἔρωτες
750 2555 766 2618 ἢ
783 2553 905 2621 Νύμφαι
924 2554 1029 2622 ὀρειναὶ
1042 2553 1125 2604 τοῦτο
1141 2553 1271 2605 ἐποίουν·
1289 2543 1358 2614 οἷον,

315 2640 332 2706 ἡ
350 2640 428 2694 δεῖνα
445 2641 525 2706 καλή,
545 2641 561 2692 ὁ
579 2641 658 2694 δεῖνα
676 2640 766 2699 καλός.
784 2669 819 2678 -
843 2634 891 2692 Ἐκ
907 2641 1013 2693 τούτων
1030 2639 1119 2692 δὲκαὶ
1132 2642 1271 2710 παροιμία
1288 2657 1359 2708 παρ-

314 2729 421 2787 έξεσται
442 2728 558 2797 ὕστερον
579 2727 623 2791 τό,
647 2726 871 2798 Βελλεροφόντης
895 2725 958 2778 καθ’
978 2726 1077 2778 ἑαυτοῦ
1094 2728 1247 2797 γράμματα
1264 2745 1288 2778 κ.
1298 2745 1322 2780 τ.
1335 2729 1358 2780 λ.

316 2814 390 2868 Gonf.
408 2815 442 2868 ad
461 2814 559 2884 Odyss.
586 2831 612 2883 p.
632 2813 708 2869 1926.
733 2814 752 2868 l.
769 2813 813 2868 49.
833 2831 859 2883 p.
879 2813 956 2868 1959.
974 2813 992 2867 1.
1011 2815 1053 2867 57.
1090 2813 1144 2880 Qui
1166 2815 1244 2870 novit
1260 2813 1359 2872 nusu-

315 2903 420 2971 thium‚
448 2902 541 2956 stetim
558 2902 646 2971 videt,
674 2901 774 2971 quibus
801 2900 959 2956 auctoribus
984 2900 1038 2955 ista
1065 2901 1156 2956 omnia
1181 2901 1360 2958 adscribendo

227 3015 230 3022 ·
294 2990 382 3058 .sint;
406 2990 552 3060 laudatque
576 2989 635 3059 ipse
662 3005 726 3044 suos
744 2989 895 3048 Παλαιούς.
930 2988 1026 3058 Itaque
1044 2989 1250 3058 antiquissimus
1269 2989 1358 3046 Schol.

316 3077 379 3131 (lod.
398 3078 431 3131 A.
449 3079 538 3146 notat,
559 3075 648 3131 αι’ᾶαί
664 3076 710 3130 hic
728 3092 828 3132 vocum
851 3077 879 3129 et
900 3076 1045 3132 verborum
1069 3077 1231 3146 scripturam
1254 3078 1359 3148 signifi-

316 3165 387 3238 curi,¹
404 3165 453 3218 sed
469 3179 526 3216 αισα
542 3163 585 3216 ila
602 3178 672 3229 osse,
701 3167 803 3234 σημεῖα
820 3178 881 3217 esso
900 3163 1013 3228 εἴδωλα,
1035 3165 1068 3216 οὐ
1085 3165 1246 3236 γράμματα.
1281 3165 1359 3220 Idem

315 3253 397 3306 etiam
426 3251 545 3306 breviter
571 3250 692 3305 servavit
719 3249 850 3327 Apollon„
868 3248 935 3303 Lex.
959 3268 986 3304 v.
1005 3253 1140 3320 γραπτῦς,
1184 3251 1280 3321 Neque
1305 3253 1359 3308 elio
1447 3245 1451 3254 ’

314 3339 431 3407 pertinet
447 3338 524 3393 locus
542 3336 626 3391 Plinii
643 3336 726 3405 XIII,
747 3338 787 3391 13.
807 3336 867 3406 ubi,
886 3353 971 3406 quum
987 3337 1153 3406 scripsisset,
1175 3337 1360 3406 pupilianam

314 3443 396 3480 usum
414 3427 496 3480 etiam
515 3429 576 3482 unic
594 3426 708 3480 Troiane
732 3428 853 3495 tempora
870 3425 988 3479 inveniri
1007 3426 1079 3494 apud
1094 3425 1262 3500 Homerum,
1283 3427 1360 3481 cudit

314 3511 516 3582 Bellerophonti
545 3510 682 3565 codicillos
713 3512 748 3578 (i.
767 3529 789 3566 e.
811 3510 980 3580 pupillares)
1011 3513 1101 3582 datos,
1138 3530 1192 3567 non
1220 3513 1358 3581 epistolas.

315 3599 485 3670 Quemquam
511 3601 564 3654 hoc
592 3617 628 3654 ex
645 3600 766 3654 moribus
784 3599 914 3654 Romanis
933 3598 1036 3653 dictum
1062 3595 1158 3669 parurn
1184 3601 1253 3655 utile
1279 3601 1359 3656 nobis

315 3691 389 3741 esset
403 3689 462 3742 sine
480 3688 605 3758 reliquiis
623 3687 867 3742 Grammaticorum
885 3687 1056 3741 Graecorum.

401 3775 447 3842 47)
468 3777 591 3831 Eustath.
616 3794 641 3845 p.
659 3776 718 3832 633.
743 3775 762 3828 l.
782 3775 807 3829 9.
856 3777 936 3832 Τινές
964 3791 1048 3843 φασι,
1078 3777 1218 3830 δύνασθαι
1244 3779 1278 3830 τὰ
1305 3779 1361 3846 μὲν
1396 3843 1401 3852 Ι
