2980 4576
308 298 360 354 100
750 295 914 350 Prolegomena.

305 482 404 557 Atque
438 482 573 541 eiusdem
604 482 685 540 modi
716 482 893 541 emblemata
918 483 952 541 in
978 481 1113 558 Odyssea
1141 483 1243 541 videre
1275 482 1353 541 mibi

305 585 408 646 videor
429 587 528 661 plura,
551 591 581 645 et
603 605 698 645 unum
718 587 791 646 adeo
807 587 1014 662 manifestum,
1037 593 1071 646 ut
1090 606 1129 646 ex
1148 587 1201 660 111,
1225 604 1354 663 quorum

304 689 415 750 iudicio
436 692 493 750 hoo
514 693 667 767 specimen
686 692 881 767 spectandum
905 693 1042 766 subiicio,
1072 691 1257 751 adversarios
1276 691 1354 750 mihi

283 814 469 871 perpaucos
490 797 553 856 fore
576 815 701 873 sperem.

392 898 498 975 Odyss.
520 895 548 960 δ.
572 904 643 961 620.
674 903 725 961 ubi
748 903 854 976 citius,
889 921 978 980 quam
1011 903 1087 962 velis
1121 908 1151 961 11
1183 909 1353 980 exspectes,

304 1005 425 1064 adulci
458 1006 604 1083 colloquio
634 1007 764 1066 Menelai
795 1008 1009 1081 abstrahimur,
1043 1008 1169 1067 redituri
1203 1009 1240 1066 ad
1273 1008 1353 1068 illud

303 1111 379 1170 libro
393 1111 473 1185 XV.,
497 1113 549 1189 qui
564 1111 735 1170 Telemachi
750 1113 881 1172 reditum
898 1113 1054 1187 describit,
1078 1118 1204 1189 quatuor
1218 1131 1353 1190 sequun-

303 1220 352 1273 tur
375 1234 480 1275 versus
502 1217 568 1292 ipsa
590 1217 731 1276 orationis
753 1217 913 1276 insolentia
932 1223 963 1276 et
979 1217 1172 1292 ambiguitate
1187 1217 1352 1292 durissimi,

302 1320 438 1397 nihilque
468 1321 619 1381 Homerici
649 1322 754 1381 coloris
783 1322 935 1382 habentes.
982 1321 1075 1381 Cuius
1098 1322 1202 1398 culpae
1226 1322 1353 1399 quidem

303 1425 335 1482 in
358 1426 438 1483 omni
460 1425 576 1503 reliqua
597 1431 681 1502 parte
698 1426 750 1484 IV.
774 1425 844 1485 libri
858 1427 1083 1504 aliquammulta
1097 1426 1224 1502 vestigia
1239 1428 1352 1502 notavi,

303 1530 411 1607 quibus
433 1549 493 1589 non
512 1531 639 1590 absurde
661 1531 772 1591 leviore
795 1533 851 1591 hoc
874 1531 1006 1608 periculo
1026 1531 1226 1607 praeludatur.
1270 1531 1352 1590 Nam

302 1635 340 1694 de
359 1610 445 1695 illius
473 1636 531 1695 loci
554 1637 762 1712 ambiguitate,
791 1636 879 1712 culpa
909 1636 1032 1694 minime
1060 1636 1234 1710 Homerica,
1262 1655 1351 1712 prae-

303 1741 407 1798 sertim
426 1741 459 1799 11
480 1743 568 1801 rebus
595 1742 776 1815 tritissimis,
807 1759 896 1800 nemo
926 1741 1031 1800 doctus
1052 1741 1211 1815 dubitabit,
1235 1747 1265 1798 et
1287 1741 1352 1799 iam

304 1846 375 1903 olim
406 1847 439 1904 in
473 1864 509 1905 ea
538 1847 687 1906 laborasse
719 1852 750 1905 et
784 1846 964 1906 dissensisse
997 1846 1125 1920 putarim
1157 1845 1352 1922 interpretes

245 1953 295 2007 132
304 1969 428 2028 quorum
445 1951 538 2028 copiis
553 1951 587 2009 11
602 1950 737 2026 Odyssea
756 1969 837 2010 nuno
860 1951 1034 2026 saepissime
1049 1964 1194 2009 caremus.
1213 1945 1216 2031 1
1241 1950 1352 2009 Eusta-

303 2057 386 2116 thius
408 2057 545 2133 quidem,
568 2057 659 2116 nimis
681 2056 841 2116 contractis
860 2057 893 2114 in
916 2074 951 2115 ea
974 2055 1101 2115 Scholiis
1122 2073 1211 2128 111111,
1235 2049 1351 2113 δαιτυ-

302 2155 400 2239 μόνας
422 2180 497 2236 111,
527 2167 562 2220 11
590 2162 713 2220 Homeri
743 2166 773 2219 et
801 2160 934 2219 omnium
964 2161 1142 2236 scriptorum
1164 2161 1351 2220 consuetudo

301 2267 415 2342 poscit,
446 2269 582 2336 11111111,
613 2266 668 2325 sed
690 2267 887 2340 1111111111,
918 2260 991 2336 τοὺς
1018 2261 1073 2348 τὴν
1096 2260 1191 2324 δαῖτα
1214 2254 1349 2342 ἕτοιμά·
1442 2263 1447 2270 ’

302 2365 412 2445 ζοντας
422 2367 463 2452 ⁹⁸)
474 2409 485 2444 ,κ
503 2372 717 2446 interpretatur
724 2391 731 2447 3
752 2367 856 2450 (idque
879 2371 945 2430 fieri
967 2387 1092 2429 necesse
1115 2375 1177 2444 est,
1201 2370 1239 2444 si,
1267 2372 1350 2447 quod

300 2482 403 2535 auctor
429 2476 532 2551 procul
560 2476 649 2534 dubio
676 2476 785 2549 voluit,
813 2477 981 2552 proximum
1005 2465 1036 2533 oi
1061 2475 1192 2550 pertinet
1213 2475 1251 2532 ad
1272 2469 1349 2533 δαι-

300 2575 466 2661 τυμόναςς)
497 2586 563 2639 tum
584 2573 732 2655 ἀλόχους,
761 2599 821 2639 111
851 2581 952 2639 minus
984 2581 1079 2638 invito
1113 2598 1171 2638 usu
1193 2580 1348 2657 loquendi,

301 2801 492 2869 Villoiscnius,
519 2803 568 2854 sed
594 2801 733 2868 ι1111111’,
761 2803 793 2854 11
819 2801 858 2855 ait
883 2801 1063 2868 Dindorfius],
1092 2801 1210 2869 primum
1234 2803 1311 2857 nobis
1330 2821 1347 2856 e

301 2889 364 2942 Ood.
379 2888 454 2942 Leid.
469 2889 590 2942 oblatum
603 2905 619 2943 a
632 2888 808 2942 Valckenario
827 2888 857 2940 in
875 2888 947 2942 Diss.
962 2905 1022 2941 oum
1037 2888 1137 2942 Ursino
1154 2889 1226 2943 edita
1243 2907 1269 2957 p.
1285 2890 1346 2942 137.

301 2975 411 3044 [Opusc.
432 2974 525 3044 philol.
544 2975 580 3045 H,
600 2975 685 3044 139.],
711 2977 785 3042 (nam
806 2975 916 3030 Barnes.
936 2975 1070 3042 Excerpta
1088 2974 1164 3030 MSS.
1188 2976 1258 3029 nihil
1276 2977 1347 3030 certi

270 3117 272 3122 ,
300 3063 933 3133 1111111111,)111111111(11111111111111
952 3063 1020 3116 Ven.
1038 3062 1070 3116 B.
1107 3061 1160 3116 Sed
1178 3063 1346 3131 111111111-

299 3151 353 3204 mis
384 3149 569 3204 desideramus
596 3149 776 3218 antiquiorem
794 3153 826 3202 A.
855 3149 967 3218 [Parum
993 3152 1065 3203 recte
1087 3149 1279 3218 interpretatus
1302 3153 1347 3203 est

299 3236 415 3300 Wolfius
428 3236 597 3291 Scholiorum
608 3237 704 3306 verba:
725 3238 754 3290 ἰν
773 3223 794 3305 ᾧ
814 3238 1012 3307 συγγράμματι
1031 3237 1114 3306 (quod
1131 3237 1241 3306 scripsit
1258 3237 1345 3290 Zeno-

300 3325 380 3378 dorus
405 3327 469 3394 περὶ
494 3325 542 3390 τῆς
566 3319 686 3394 Ὁμήρου
714 3325 873 3391 συνηθείας)
900 3332 1028 3392 πειρᾶται
1058 3324 1256 3377 ἀποδεικνύναι
1286 3325 1344 3376 διε-

300 3415 488 3482 σκευασμένον
500 3411 600 3464 τοῦτον
612 3411 662 3463 τὸν
673 3411 762 3463 τόπον
780 3412 855 3464 ἐπῶν
869 3409 919 3480 ty‘:
941 3411 1039 3479 quibus
1057 3411 1127 3464 nihil
1145 3410 1218 3464 aliud
1238 3411 1344 3480 signifi·

298 3501 375 3552 catur
392 3498 446 3552 nisi
464 3514 560 3552 versus
577 3498 640 3552 illos
658 3515 674 3552 a
692 3499 827 3552 Zenodoro
847 3515 894 3567 pro
914 3497 1068 3552 subditioiis
1085 3498 1192 3553 habitos
1211 3498 1292 3567 esse]

385 3585 571 3652 91111111
593 3585 725 3639 rationem
747 3586 829 3656 vulgo
857 3585 923 3640 olim
946 3585 1073 3639 traditam
1097 3588 1170 3653 puta.
1206 3586 1249 3639 Ita
1266 3587 1343 3639 brev.

298 3671 386 3726 Schol.
401 3671 483 3741 [Pal]
499 3675 527 3724 οἱ
540 3673 707 3742 ἑστιάτορες,
727 3673 847 3741 Hesych.
861 3673 888 3725 h.
902 3672 937 3742 gl.
950 3675 1082 3739 extrema,
1101 3673 1245 3742 μάγειροι,
1264 3673 1342 3727 simi-

278 3756 360 3812 'liter
378 3759 494 3828 Etymol.
513 3759 549 3813 M.
568 3777 594 3828 p.
614 3759 673 3814 252.
