3048 4588
218 388 220 394 .
330 359 363 411 72
769 358 933 412 Prolegomena.

328 561 368 602 ne
390 542 521 602 nominis
546 542 667 620 quidem
693 541 900 601 immortalitas
930 545 995 600 tum
1025 560 1195 619 quenquam
1217 540 1373 617 impellere

329 647 441 724 potuit,
469 652 503 706 ut
533 647 562 706 ei
593 646 743 706 duraturis
773 647 975 706 monumentis
994 647 1193 724 prospiceret;
1221 646 1312 723 idque
1335 645 1373 704 de

330 751 459 810 Homero
481 751 618 825 credere,
648 755 748 828 optare
778 755 840 825 est,
867 769 927 810 non
954 751 1045 810 fidem
1074 751 1178 810 facere.
1222 749 1301 809 Nam
1322 751 1374 808 ubi

330 857 358 916 is
379 856 432 915 tali
458 856 556 916 studio
587 873 620 915 se
648 857 745 915 teneri
776 855 949 931 significat?
977 856 1028 916 nbi
1057 856 1273 934 professionem
1295 855 1374 914 eius-

331 962 426 1036 modi,
449 961 557 1022 ceteris
576 962 674 1038 poetis
695 966 758 1020 tam
780 961 984 1039 frequentem,
1005 961 1082 1036 edit,
1111 966 1163 1020 aut
1184 960 1290 1020 callide
1313 960 1375 1019 dis·

332 1067 472 1127 simulat?
517 1066 705 1136 Carminibus
727 1066 849 1144 quidem
872 1068 986 1127 scelera
1015 1072 1047 1126 et
1072 1067 1223 1144 praeclara
1245 1066 1376 1126 facinora

330 1173 425 1232 famae
450 1172 528 1232 tradi
556 1190 646 1249 saepe
668 1171 832 1249 praedicat,
863 1176 894 1230 at
918 1172 998 1231 idem
1027 1172 1224 1232 novissimum
1248 1171 1376 1231 Carmen

331 1278 367 1336 ab
389 1276 578 1336 audientibus
593 1276 723 1336 maxime
745 1276 890 1336 celebrari
911 1277 1021 1336 fatetur
1031 1272 1082 1356 ⁶⁶).
1128 1275 1256 1336 Omnino
1275 1282 1375 1335 autem

332 1381 405 1442 satis
425 1382 530 1441 habuit
559 1381 612 1440 illa
645 1385 742 1455 aetas,
774 1381 860 1458 quasi
893 1382 948 1440 snb
982 1381 1098 1441 nutrice
1127 1374 1315 1460 ludendo⁵⁷)
1344 1385 1375 1439 et

331 1487 426 1545 divini
448 1486 564 1562 ingenii
586 1487 733 1564 impetum
756 1486 920 1564 sequendo,
943 1504 993 1546 res
1013 1486 1229 1563 pulcherrimas
1245 1485 1375 1563 experiri

288 1601 322 1654 95
331 1596 363 1650 et
383 1592 420 1649 ed
442 1590 567 1650 alioruin
590 1591 818 1651 oblectationem
843 1590 985 1668 prodere:
1016 1591 1185 1650 mercedem
1208 1591 1234 1650 si
1259 1586 1263 1672 i
1286 1609 1377 1666 quam

331 1697 434 1774 petiit,
464 1697 588 1773 plausus
609 1671 668 1755 lint
698 1701 728 1756 et
749 1695 816 1755 laus
838 1696 1009 1774 aequalium
1029 1697 1212 1771 auditorum,
1236 1696 1375 1772 praemia,

332 1802 359 1862 si
378 1801 475 1878 poetis
497 1800 660 1876 credimus,
683 1801 884 1878 amplissima,
906 1801 1054 1879 longeque
1070 1801 1199 1878 gratiora
1211 1818 1378 1877 papyracea

330 1905 559 1965 immortalitate.
604 1904 727 1965 Etenim
743 1909 856 1984 quanta
870 1905 1064 1966 admiratione
1087 1910 1198 1964 tumet
1218 1905 1277 1982 ipsi
1291 1911 1376 1965 vates

332 2016 362 2071 et
384 2015 489 2070 cantus
511 2027 615 2070 eorum
644 2011 763 2087 excepti
794 2010 869 2084 sint,
896 2016 1021 2087 apparet
1048 2010 1158 2088 partim
1184 2028 1223 2069 ex
1242 2010 1281 2069 iis
1302 2010 1377 2069 locis

331 2114 483 2175 Homerici
516 2115 679 2190 Carminis,
709 2115 761 2173 ubi
793 2115 938 2174 Phemius
969 2121 1000 2174 et
1017 2115 1205 2174 Demodocus
1235 2119 1376 2174 canentes
1478 2126 1483 2134 '

331 2220 515 2280 inducuntur
526 2215 586 2300 ⁶²³),
608 2221 718 2296 partim
740 2238 779 2280 ex
800 2220 1017 2280 iucundissimo
1044 2216 1098 2279 illo
1120 2237 1257 2279 sermone
1279 2219 1377 2278 Plato-

333 2325 395 2400 nis,
416 2325 449 2384 in
471 2344 530 2402 quo
552 2326 586 2385 Io
606 2325 773 2402 rhapsodns
796 2343 908 2384 munus
931 2330 961 2386 et
983 2343 1104 2386 scenam
1127 2343 1211 2385 suam
1226 2325 1376 2385 describit.

332 2430 410 2490 Nam
432 2431 511 2490 sicut
529 2431 580 2490 hic
602 2437 665 2490 arte
687 2431 815 2509 quadam
837 2431 957 2491 efficere
979 2448 1012 2490 se
1034 2431 1137 2506 iactat,
1159 2435 1194 2489 ut
1215 2434 1277 2489 tota
1295 2430 1377 2488 thea-

333 2541 379 2594 tra
399 2553 577 2613 quocunque
601 2536 711 2595 affeetu
732 2536 882 2610 serantur,
914 2540 949 2594 ut
976 2535 1221 2594 nunclacrimas
1242 2533 1377 2608 fimdant,

333 2659 415 2699 nunc
436 2641 529 2700 torvis
552 2640 647 2700 oculis
670 2640 935 2718 circumspectant,
970 2657 1051 2698 nuno
1080 2639 1222 2716 gandium
1251 2640 1379 2716 prodant

333 2739 485 2825 vultu⁶⁹);
519 2745 562 2804 ita
595 2745 652 2805 boc
684 2745 781 2804 multo
814 2745 912 2821 magis
941 2750 973 2804 et
999 2749 1122 2804 naturae
1149 2744 1287 2822 propiore
1315 2750 1396 2832 arte¹

334 2851 474 2910 effectum
504 2857 550 2910 est
569 2869 587 2910 a
608 2849 727 2910 vatibus
748 2850 831 2926 ipsis.
877 2850 937 2910 Sed
958 2868 1053 2928 quum
1074 2850 1137 2910 fere
1160 2850 1272 2925 omnia,
1303 2869 1379 2928 quae

421 3113 466 3180 56)
486 3112 585 3182 Odyss.
605 3132 630 3165 α.
649 3112 709 3166 351.

422 3201 467 3269 57)
487 3200 561 3255 Conf.
580 3200 702 3269 egregios
726 3215 824 3253 versus
847 3198 911 3253 Hor.
929 3199 1014 3268 Epist.
1031 3198 1068 3267 H,
1088 3199 1112 3266 l,
1131 3198 1172 3251 93.
1186 3214 1243 3267 sqq.
1261 3197 1291 3251 in
1312 3214 1379 3267 quos

334 3287 520 3343 commentarii
544 3304 625 3341 usum
649 3287 761 3356 praebet
784 3286 954 3356 sagacissimi
979 3286 1072 3341 Garvii
1095 3285 1171 3354 Disp.
1190 3283 1380 3353 Betracbtwnp

334 3374 436 3442 airzipa·
458 3371 727 3428 Verscbiadeabeitea
744 3373 775 3426 ia
792 3371 845 3426 den
869 3371 985 3426 Werkeo
1007 3371 1053 3426 der
1072 3373 1186 3426 ditestca
1203 3370 1263 3424 amd
1278 3388 1380 3425 macra

336 3461 541 3529 Schriftsteller,
553 3461 669 3531 repetita
681 3461 711 3514 in
724 3460 888 3515 Collectione
901 3460 975 3530 Lips.
987 3461 1063 3515 1779.
1079 3459 1168 3530 [1802.
1177 3461 1198 3514 Ι.
1209 3478 1234 3530 p.
1245 3459 1288 3515 93.
1299 3459 1379 3530 sqq.].

422 3549 467 3616 58)
487 3549 583 3619 Odyss.
604 3569 628 3601 a.
648 3547 708 3603 326.
722 3564 780 3618 sqq.
799 3553 827 3600 θ.
849 3547 891 3603 62.
902 3564 960 3618 sqq.
979 3568 1002 3620 ρ.
1020 3547 1079 3604 518.
1094 3564 1152 3618 sqq.
1171 3550 1221 3602 eto.

423 3637 468 3704 59)
487 3639 609 3707 Καθορῶ
627 3636 756 3689 ἑκάστοτε
771 3636 869 3696 αὐτοὺς
882 3638 990 3689 ἄνωθεν
1002 3636 1060 3687 ἀπὸ
1071 3637 1121 3687 τοῦ
1137 3636 1260 3706 βήματος
1272 3638 1379 3688 κλαίον-

335 3727 383 3784 τάς
400 3743 429 3777 τε
447 3727 493 3776 καὶ
511 3724 604 3778 δεινὸν
625 3723 813 3790 ἐμβλέποντας
831 3725 877 3775 καὶ
891 3724 1123 3794 σιψθαμβοῡντας
1140 3728 1199 3782 τοῖς
1211 3723 1378 3791 λεγομένοις.

336 3811 403 3883 Pag.
423 3811 482 3865 535.
502 3811 531 3866 H.
551 3826 565 3863 e
594 3809 659 3864 alibi
676 3809 705 3862 in
724 3826 755 3864 eo
774 3809 844 3864 Dial.
