2980 4576
334 359 385 413 140
616 333 619 339 ⁴
777 361 941 414 macomeria.

333 543 396 602 rica
416 538 651 624 affenmtur⁴⁵),
680 544 819 604 omnibus
848 547 950 603 tamma
980 545 1095 605 collatis
1124 545 1262 624 reliquiis
1288 547 1374 624 plane

335 649 476 708 effectum
497 653 584 725 puto,
607 665 703 708 unum
725 647 835 725 ubique
857 651 975 726 poetam
998 648 1226 727 Colophonium,
1250 649 1376 711 Socratis

276 753 326 808 183
335 753 506 831 aequalem,
528 753 760 830 intelligendum
775 770 850 813 esse.
867 749 870 834 Ι
889 752 1029 814 Getarum
1049 755 1212 833 specimina
1226 756 1285 816 ista
1298 755 1376 814 haud

333 875 476 934 magnum
490 857 576 918 nobis
591 857 774 918 desidorium
788 858 1011 919 moventhuius
1023 860 1212 938 exemplaris.
1247 859 1377 920 Tametsi
1477 847 1478 882 i

334 962 426 1022 etiam
452 963 502 1022 hic
522 962 820 1023 animadvertendum
842 968 902 1039 est,
931 963 969 1024 de
992 964 1134 1025 universo
1156 983 1278 1043 corpore
1300 964 1377 1024 iudi-

213 1055 215 1060 ’
334 1067 415 1128 cium
436 1067 502 1128 fieri
520 1085 581 1127 non
608 1085 696 1145 posse
717 1086 757 1128 ex
779 1072 841 1127 tam
863 1069 988 1129 minutis
1009 1068 1155 1145 articulis,
1184 1075 1215 1130 et
1243 1088 1279 1130 ea
1305 1070 1377 1146 ipsa,

335 1190 411 1251 quae
432 1172 519 1232 nobis
541 1171 648 1232 vitiosa
675 1177 707 1232 et
728 1172 857 1233 absurda
876 1173 974 1233 videri
996 1173 1117 1249 debent,
1148 1175 1219 1234 olim
1240 1174 1378 1253 plurimis

336 1276 558 1355 exemplaribus
580 1278 705 1338 fortasse
729 1278 899 1338 communia
921 1278 1023 1339 fuisse.

423 1381 482 1442 Sed
505 1387 651 1460 quantum
672 1401 760 1443 caeco
782 1384 866 1443 casui
889 1383 1032 1444 debeatur
1053 1385 1086 1443 in
1107 1384 1319 1444 conservandis
1333 1385 1380 1444 his

335 1487 469 1548 articulis
492 1492 523 1548 et
544 1487 695 1564 frustulis,
724 1487 916 1548 memorabile
947 1488 1159 1549 documentum
1181 1489 1320 1550 videmus
1348 1489 1380 1548 in

335 1610 384 1668 ec,
407 1592 486 1669 quod
508 1593 574 1652 eius
594 1593 792 1668 recensionis,
816 1612 892 1671 quae
912 1594 1003 1671 vulgo
1025 1594 1064 1654 ad
1077 1594 1269 1654 Aristotelem
1290 1593 1380 1654 refer·

334 1703 396 1774 tur,
419 1702 476 1779 τῆς
497 1689 534 1756 ἐν.
554 1701 613 1758 τοῦ
633 1691 808 1780 νάρθηκος,
831 1716 871 1758 nc
892 1699 989 1758 semel
1010 1699 1135 1776 quidem
1156 1699 1268 1759 mentio
1293 1700 1329 1758 fit
1350 1698 1381 1757 in

335 1802 464 1863 Scholiis
486 1803 604 1863 nostris.
649 1804 819 1880 Apponitur
841 1803 963 1882 quidem
977 1803 1148 1864 Aristotelis
1168 1804 1329 1864 auctoritas
1350 1805 1381 1862 in

335 1907 470 1985 quadam
482 1907 625 1968 varietate
647 1907 799 1981 lectionis,
822 1926 884 1967 non
906 1907 951 1968 sic
973 1913 1087 1985 tamen,
1109 1913 1144 1968 ut
1163 1908 1195 1968 id
1218 1926 1258 1968 ex
1278 1925 1381 1969 recen-

335 2012 419 2073 sione
441 2013 494 2072 illa
515 2016 669 2073 enotatum
698 2031 766 2094 csse
788 2007 993 2095 apparead).
1038 2013 1146 2092 Neque
1168 2031 1239 2074 vero
1261 2012 1382 2074 aliunde

422 2251 468 2319 45)
485 2249 659 2320 Posterioris,
678 2252 712 2306 ad
729 2251 812 2305 crisin
830 2249 941 2320 propius
954 2249 1114 2318 spectantis,
1134 2251 1240 2320 generis
1252 2252 1307 2306 loci
1320 2253 1384 2306 sunt

335 2339 370 2394 aa
388 2357 413 2392 a.
433 2336 491 2392 aea.
508 2325 571 2391 4‘24.
591 2337 677 2407 [aaa]
697 2336 756 2392 ees.
777 2357 806 2408 φ.
826 2337 885 2392 sor.
901 2357 932 2407 χ.
951 2323 1010 2393 aas.
1031 2349 1062 2407 ψ.
1081 2324 1140 2394 511.
1166 2338 1224 2405 (usi
1241 2355 1382 2408 perperam

336 2425 469 2495 scriptum
493 2427 587 2494 cipro
606 2427 635 2478 oi
651 2426 738 2494 primo
757 2427 887 2495 adspectu
903 2426 1004 2480 famam
1020 2425 1138 2496 duplicis
1156 2426 1284 2480 editionis
1304 2425 1382 2480 Anti·

336 2513 464 2568 machaas
488 2513 654 2582 spargebat,)
680 2511 741 2566 811.
772 2532 801 2566 ω.
821 2499 865 2567 ἦ.
884 2512 983 2582 quibus
1001 2513 1063 2568 add.
1080 2513 1204 2569 Eustath.
1223 2515 1257 2568 ad
1277 2513 1381 2582 11397.

336 2617 362 2670 p.
381 2599 459 2653 1243.
479 2598 526 2668 [ex
544 2599 633 2654 Schol.
652 2599 707 2654 LV.
727 2617 747 2653 ε.
767 2599 840 2669 461,
866 2616 901 2654 ex
918 2599 986 2653 Van.
1005 2601 1038 2654 A.
1056 2619 1079 2655 ν.
1099 2601 1155 2671 60,
1181 2618 1215 2655 ex
1240 2599 1331 2656 Schol.
1350 2600 1383 2656 V.

338 2705 366 2738 ω.
380 2687 455 2755 753.,
474 2702 509 2741 ex
527 2685 616 2743 Schol.
635 2686 692 2742 BV.
711 2706 735 2740 τ.
749 2686 820 2757 233]
850 2686 953 2742 Prioris
971 2690 1036 2742 sunt
1050 2688 1081 2741 111
1094 2689 1161 2744 loci:
1180 2690 1215 2745 ad
1234 2708 1259 2742 α.
1275 2691 1300 2744 1.
1319 2687 1382 2758 112.

336 2792 363 2843 y.
383 2773 442 2827 197.
461 2772 487 2828 c.
506 2761 645 2830 1111-31.
666 2773 712 2842 (af.
731 2775 765 2830 ac
784 2794 808 2829 a.
828 2773 888 2828 aee.
908 2793 931 2829 ο.
952 2761 1022 2842 iio.)
1042 2792 1062 2828 ε.
1081 2774 1112 2829 n
1128 2775 1202 2830 arev.
1221 2773 1312 2831 schoa
1333 2771 1381 2844 [n]

338 2859 397 2915 sse.
418 2860 638 2922 11111113.
658 2860 739 2930 [rsa]
759 2863 779 2922 ε.
798 2848 858 2917 isa.
877 2849 937 2917 am.
964 2880 987 2932 ρ.
1007 2861 1065 2916 ise.
1087 2861 1154 2930 [134.
1175 2861 1246 2930 135.]
1270 2871 1304 2932 ψ.
1322 2862 1381 2918 ses.

338 2967 366 3002 ω.
387 2947 429 3002 23.
458 2948 502 3017 [11.
517 2947 609 3024 ,Bella
636 2947 724 3004 Schol,
753 2949 788 3004 ad
813 2968 840 3019 y.
867 2949 926 3003 144.
955 2951 983 3003 et
1009 2959 1041 3018 ψ.
1067 2948 1137 3017 142.]
1172 2949 1256 3006 Plura
1280 2949 1313 3004 in
1339 2950 1394 3004 bis'

337 3035 449 3106 indigna
467 3038 531 3090 sunt
544 3037 626 3091 docto
651 3039 741 3106 podta,
767 3039 795 3091 st
818 3053 833 3091 e
858 3037 957 3107 quibus
981 3038 1014 3091 dc
1036 3036 1181 3105 disciplina
1201 3036 1381 3106 Stesimbroti,

338 3123 416 3178 cuius
434 3123 481 3177 ille
499 3123 650 3192 discipulus
669 3124 754 3178 fuisse
778 3126 877 3195 fertur,
899 3141 953 3180 non
976 3125 1076 3194 optime
1096 3123 1244 3180 existimes.
1281 3124 1336 3180 Sed
1354 3125 1382 3179 in

337 3209 373 3266 iis
390 3210 530 3265 immorari
548 3227 621 3265 nunc
640 3227 693 3267 non
711 3213 798 3266 vacat.

424 3297 469 3364 46)
496 3296 558 3351 Vid.
582 3296 635 3366 [ap.
655 3297 809 3367 Villoison.]
835 3299 869 3354 ad
897 3305 921 3366 β.
940 3299 983 3352 53.
1009 3297 1063 3367 [est
1087 3297 1160 3352 enim
1183 3298 1218 3353 ad
1234 3304 1260 3364 ρ.
1280 3297 1323 3353 73.
1342 3315 1382 3368 ap.

337 3384 421 3439 Belrli.
439 3387 467 3439 et
481 3384 574 3453 Dina]
592 3385 640 3439 ubi
659 3385 689 3438 in
708 3405 732 3438 α.
751 3385 810 3440 187,
830 3387 899 3440 ἄντα
917 3385 1053 3456 scribitur.
1084 3383 1151 3438 Fide
1170 3385 1294 3456 digniora
1311 3387 1381 3454 sunt,

337 3489 407 3542 quae
425 3473 568 3528 nodantur
580 3472 615 3527 ad
633 3491 663 3542 φ.
679 3471 738 3528 252.
758 3474 786 3526 et
798 3473 829 3526 in
842 3473 976 3528 Theocriti
990 3471 1106 3528 Scholiis
1119 3473 1153 3527 ad
1167 3471 1263 3542 Odyss.
1277 3491 1308 3525 π.
1324 3473 1381 3527 176.

337 3560 386 3615 ubi
410 3577 437 3615 v.
462 3559 620 3627 Barnes.,*)
647 3560 779 3640 longeque
805 3560 884 3630 plura
909 3577 944 3616 ex
970 3561 1021 3614 hoc
1045 3576 1144 3630 genere
1168 3560 1198 3614 111
1221 3559 1290 3629 ipsis
1317 3559 1381 3628 Opp.

339 3647 450 3702 Aristot.
485 3649 526 3702 Ac
547 3646 613 3702 talia
635 3646 665 3701 in
687 3646 723 3702 iis
741 3647 819 3702 libris
840 3647 911 3718 cius,
937 3648 985 3718 qui
1003 3647 1153 3717 perierunt,
1178 3645 1382 3716 aliquammulta

420 3833 451 3888 [')
471 3831 539 3876 Lebrs
553 3831 638 3876 Aristl
651 3845 673 3887 p.
689 3832 722 3876 58.
736 3831 760 3874 in
774 3833 827 3876 ncta
840 3830 931 3887 scripsit
944 3831 977 3876 ibi
990 3821 1140 3892 Ἀρίσταρχος
1155 3843 1194 3888 pro
1207 3821 1380 3891 {spectemus-l
