2980 4576
550 369 714 422 Prolegomena.
1108 375 1154 429 181

113 550 275 610 nobiliores
291 545 491 632 Grammaltioi
512 545 720 630 vocantm¹⁶),
747 552 876 628 Oritaboa,
899 572 1025 632 quorum
1047 559 1218 616 munus234

111 661 189 729 erat,
223 654 429 715 auctoritatem
462 659 492 714 et
524 647 714 736 γνησιότητα
743 661 878 717 veterum
907 659 1084 738 scriptorum
1105 679 1157 721 ex·

110 761 248 837 0111010,
282 764 313 819 01
344 777 398 819 sua
431 759 539 835 cuique
568 759 736 835 vindicare,
772 763 902 822 maxime
929 781 1000 823 vero
1029 765 1157 826 virtutes

109 865 233 924 illorum
255 869 287 924 et
308 864 381 924 vitia
403 881 599 941 percensere,
622 870 655 924 ut
677 865 828 926 discerent
844 867 1009 944 auditores,
1030 870 1102 946 quid
1124 871 1157 930 in

107 969 145 1030 iis
169 969 366 1043 imitandum,
390 969 463 1045 quid
478 969 559 1028 veris
575 969 724 1029 scribendi
740 970 858 1046 legibus
873 973 1052 1032 contrarium
1067 980 1155 1034 esset.

107 1073 164 1133 Hla
198 1078 247 1132 est
277 1068 381 1155 ἡτῶν
403 1065 505 1152 λόγων
528 1063 649 1153 κρίσις,
680 1069 802 1157 πολλῆς
832 1067 949 1157 πείρας
976 1073 1157 1137 0010000100

107 1170 322 1259 ἐπιγέννημα,
360 1182 395 1236 111
428 1178 470 1236 ait
503 1177 673 1254 Longinus,
708 1196 770 1237 non
802 1179 876 1240 hacc
909 1181 941 1238 in
969 1182 1156 1241 restituendo

106 1284 244 1361 genuino
271 1283 374 1342 habitu
403 1283 547 1342 librorum
576 1288 607 1342 et
635 1283 669 1342 in
688 1285 824 1359 aucupiis
847 1285 1047 1344 litterularum
1069 1304 1155 1346 occu-

10 1459 12 1486 ,
105 1394 179 1466 pata
202 1387 346 1448 doctrina.
392 1386 440 1446 Ex
469 1386 521 1445 illa
550 1387 603 1464 qui
624 1381 776 1468 Kptrtaoi
800 1388 934 1465 Graecis,
962 1391 1054 1450 iidem
1075 1390 1156 1450 Lati-

10 1489 12 1536 l
105 1493 156 1552 nis
180 1492 283 1550 10110000
296 1494 462 1566 aoriptoram
477 1497 675 1569 usurpantur,
697 1492 901 1571 habenturque
917 1495 949 1553 in
962 1494 1018 1554 hoc
1033 1513 1156 1555 numero

10 1621 11 1626 ¹
106 1597 157 1657 vel
188 1597 223 1654 in
250 1597 356 1671 primis
389 1597 426 1671 ii,
460 1613 535 1674 quos
568 1614 657 1656 nemo
692 1597 804 1657 dixerit
825 1598 974 1658 laborasse
997 1598 1089 1674 illud,
1123 1605 1157 1659 ut

105 1719 218 1761 manus
241 1707 394 1761 auctorum
417 1701 533 1761 collatis
548 1701 699 1761 codicibus
717 1719 771 1762 seu
786 1703 956 1778 coniectura
971 1703 1156 1780 indagarent,

17 1818 19 1826 '
105 1808 190 1867 sicut
220 1806 353 1870 Maecius
376 1804 485 1883 Tarpa,
516 1806 684 1866 fabularum
713 1807 826 1868 Romae
856 1809 888 1867 in
915 1809 1156 1868 commissionem

104 1911 322 1990 productamrm
344 1911 460 1970 auditor
479 1912 708 1988 aestimatorque
722 1908 772 1992 16).

199 2015 265 2075 Tali
284 2017 388 2092 'igitur
412 2017 621 2076 emendatione
650 2017 700 2075 vel
727 2018 827 2093 potius
856 2035 983 2079 censura
1005 2023 1157 2078 certamnt

10 2157 11 2160 =
104 2122 183 2181 olim
207 2122 241 2179 in
261 2120 392 2180 Homero
415 2126 445 2180 et
467 2122 554 2199 quasi
581 2139 650 2180 cum
671 2120 800 2182 Homero
823 2121 927 2183 Oritici
953 2141 1072 2198 omnes,
1100 2123 1155 2182 im·

103 2212 245 2303 pellente
277 2225 344 2303 ipsa
376 2227 560 2304 praestantia
584 2225 773 2302 Carminum,
807 2231 841 2286 ut
868 2228 945 2287 nihil
975 2228 1154 2300 omitterent,

10 2383 11 2386 ,
104 2349 168 2410 quo
192 2331 297 2407 augeri
320 2349 355 2390 ea
376 2335 492 2409 posset,
515 2336 545 2391 et
563 2332 801 2408 perfectissimus
817 2333 963 2392 sermonis
979 2337 1009 2392 et
1022 2332 1155 2409 podticae

103 2437 184 2497 artis
198 2434 278 2494 nitor
296 2429 298 2516 l
315 2435 426 2495 induci.
464 2434 528 2509 Qua
549 2436 642 2510 inre,
666 2455 724 2514 quo
741 2437 868 2514 quisque
883 2437 1066 2512 ingeniosior
1081 2440 1153 2511 erat,
1164 2449 1215 2505 235

103 2560 142 2602 eo
164 2540 343 2617 plerumque
364 2539 572 2600 immodestius
586 2541 705 2600 videtur
719 2546 855 2601 uersatus
871 2559 955 2616 esse,
978 2547 1154 2620 textumque

104 2663 201 2722 saepe
235 2644 413 2720 depravasse
448 2645 631 2721 corrigendo.
690 2646 812 2706 Scilicet
850 2647 877 2706 is
908 2647 1012 2707 critico
1043 2647 1154 2706 iudicio

103 2749 242 2810 maxime
276 2749 387 2826 pollere
421 2751 594 2827 putabatur,
627 2752 681 2828 qui
712 2751 857 2827 optimum
887 2756 1007 2829 poetam
1036 2753 1156 2830 proprio

103 2854 234 2931 ingenio
263 2853 421 2914 emendare
444 2859 567 2931 poterat
616 2855 677 2914 Alii
704 2861 804 2916 autem
831 2856 1054 2917 emendationes
1080 2855 1156 2916 tales

103 2959 159 3019 vel
182 2959 217 3016 in
239 2959 466 3019 Commentariis
495 2959 558 3019 suis
587 2961 804 3037 proponebant,
833 2960 881 3020 vel
911 2961 944 3019 in
966 2961 1089 3035 scholis,
1117 2978 1157 3020 ex

104 3064 221 3141 quibus
252 3081 325 3122 mox
358 3064 395 3122 ab
427 3064 610 3124 auditoribus
643 3063 866 3139 colligebantur.
922 3063 1026 3124 Totam
1056 3069 1156 3124 autem

104 3187 177 3228 rem
198 3168 295 3244 primo
317 3187 378 3228 non
398 3168 606 3246 displicuisse,
630 3169 761 3228 ostendit
775 3174 956 3230 memoratus
971 3170 1072 3248 paullo
1086 3175 1156 3230 ante

200 3376 244 3444 15)
263 3376 457 3446 Δοκιμώτατοι
486 3381 679 3446 Γραμματικοί
709 3377 781 3445 apud
809 3377 908 3431 Athen.
934 3376 984 3431 III.
1007 3395 1032 3446 p.
1052 3377 1110 3432 116.
1123 3377 1179 3440 D„

110 3463 194 3523 Τινὲς
209 3464 356 3532 Komaria,
370 3461 386 3513 δ’
399 3463 475 3516 ἐστιν
487 3463 684 3533 ἀκριβεστέρων
698 3465 907 3534 Γραμματικῶν.
920 3463 1043 3518 sustam.
1057 3481 1083 3532 p.
1097 3463 1155 3517 773.

202 3563 245 3629 16)
268 3562 322 3616 Cic.
342 3562 408 3631 Epp.
428 3563 462 3617 ad
480 3562 574 3618 Famil.
594 3563 662 3632 VH,
682 3565 705 3616 1.
724 3563 789 3618 Hor.
808 3563 892 3618 Serm.
912 3563 934 3632 1,
955 3563 995 3632 10,
1014 3562 1055 3617 38.
1075 3564 1106 3617 A.
1126 3563 1156 3617 Ρ.

108 3649 172 3704 387.
210 3649 252 3703 Ibi
280 3650 394 3703 eundem
421 3649 535 3718 Tarpam
562 3648 728 3705 scholiastae
747 3651 878 3705 Critioum
904 3652 931 3703 et
950 3649 1156 3718 emendatorem,

109 3740 152 3806 et,
172 3737 243 3807 quod
261 3737 340 3792 modo
359 3737 452 3808 posui,
480 3751 598 3790 00000001
616 3735 776 3806 doctamque
794 3737 945 3791 auditorem
962 3736 1157 3791 0100011οα10·

108 3839 167 3878 0010
187 3823 346 3878 Uerminam
365 3826 470 3880 vocant.
