2984 4580
343 343 395 397 206
787 342 951 395 Prolegomenu

342 524 480 584 starehus
506 523 713 600 comparandis
742 525 901 583 vetustatis
930 526 1133 585 monumentis
1157 525 1295 584 omnibus
1319 543 1386 601 pro

341 628 442 703 prium
462 629 567 689 aetatis
587 628 733 706 cuiusque
754 646 861 688 sonum
882 633 914 688 et
927 629 1078 704 legitimas
1093 631 1233 707 antiquae
1247 630 1387 689 orationis

341 732 451 792 formas
472 734 652 808 calluerunt,
673 738 704 794 et
725 733 819 792 iidem
834 733 970 808 Hymnos
993 739 1168 812 ceterosque
1189 735 1293 810 libros,
1316 733 1388 793 olim

341 856 451 914 magno
472 857 596 898 numero
617 839 741 898 Homeri
763 838 884 897 nomine
905 839 1087 914 venditatos,
1107 844 1251 918 tanquam
1270 840 1388 917 spurios

341 942 499 1003 Homerica
527 944 640 1003 familia
675 949 915 1019 summoverunt,
945 944 1094 1022 primique
1129 946 1163 1004 in
1192 945 1248 1005 hoc
1277 963 1388 1022 genere

340 1049 454 1110 altioris
475 1069 510 1109 ac
532 1049 695 1109 subtilioris
722 1049 840 1123 iudicii,
868 1049 921 1108 sed
949 1049 1119 1110 hominibus
1142 1050 1264 1112 Graecis
1285 1051 1388 1112 minus

340 1153 487 1230 difficilis,
509 1155 718 1214 excelluerunt
740 1159 830 1232 atque
852 1154 1002 1231 praeclara
1025 1157 1164 1233 exempla
1182 1150 1387 1237 dedemmtffl).

281 1263 331 1317 267
428 1259 545 1335 Fateor,
573 1261 647 1320 haee
677 1260 779 1318 omnia
806 1260 939 1336 anobis
961 1278 1023 1320 non
1043 1278 1132 1337 posse
1161 1262 1328 1320 confirmari
1352 1263 1388 1320 ob

340 1369 491 1440 egestates
513 1366 655 1424 fontium:
679 1371 711 1425 et
731 1365 878 1424 clarorum
900 1369 1070 1442 temporum
1083 1367 1183 1426 lucem
1198 1367 1389 1444 exspectanti

340 1471 455 1529 sensim
478 1471 612 1547 subrepit
633 1470 766 1530 taedium
789 1471 1042 1549 coniecturarum
1073 1477 1104 1532 at
1126 1491 1217 1531 unam
1242 1490 1307 1531 rem
1326 1490 1389 1530 non

340 1573 434 1634 debeo
450 1575 601 1650 omittere,
624 1575 662 1633 ad
677 1575 822 1635 iudicium
840 1581 976 1636 nosunm
996 1576 1033 1635 de
1047 1577 1105 1636 hoc
1122 1577 1243 1654 vulgato
1258 1577 1388 1636 Homero

340 1679 556 1754 gravissimam.
600 1679 679 1739 Nam
700 1686 735 1740 ut
755 1681 946 1742 Aristarchus
969 1701 986 1740 a
1006 1682 1143 1758 pluribus
1164 1687 1300 1742 veterum
1320 1701 1388 1758 par-

340 1783 395 1842 tim
413 1784 493 1844 clare
514 1784 623 1861 partim
645 1785 754 1845 tectius
777 1787 968 1846 insimulatur
989 1788 1137 1847 maximae
1161 1787 1340 1848 temeritatis
1356 1787 1389 1850 iu
1479 1853 1480 1872 ,

344 1961 547 1968 -ψ

427 2089 471 2155 51)
490 2089 585 2157 Neque
605 2084 692 2140 solum
710 2085 739 2137 in
752 2083 884 2153 Hymnis,
903 2086 935 2137 ut
951 2086 1025 2152 puto.
1057 2084 1128 2139 Nam
1147 2087 1181 2140 ad
1198 2086 1260 2141 illos
1277 2087 1388 2156 potissi-

339 2191 415 2228 mum
433 2174 547 2229 Ctiticos
569 2173 615 2228 vel
633 2171 781 2241 discipulos
806 2187 898 2226 eorum
917 2171 1070 2232 retulerim,
1098 2173 1169 2241 quod
1193 2174 1388 2229 eruditioribus

340 2263 474 2318 aetatibus
496 2261 603 2318 nullum
624 2260 771 2328 ferebatur,
802 2259 1030 2329 ὁμολογούμενον
1056 2261 1175 2329 γράμμα
1199 2269 1249 2326 τῆς
1268 2257 1389 2332 Ὁμήρου

341 2351 478 2416 ποιήσεως
496 2349 689 2419 πρεσβύτερῠν,
713 2348 745 2400 ut
768 2347 807 2400 ait
825 2347 931 2414 loseph.
958 2345 1009 2416 [et
1033 2364 1058 2415 p.
1078 2348 1120 2400 77.
1138 2365 1165 2402 n.
1184 2347 1240 2417 38.]
1275 2348 1330 2404 Sed
1355 2351 1388 2404 de

340 2436 459 2505 Hymnis
476 2453 556 2506 prope
575 2437 740 2504 compertum
759 2434 858 2502 habeo,
884 2434 955 2503 quod
974 2435 1052 2488 modo
1072 2434 1142 2503 dixi,
1167 2435 1275 2489 nullum
1294 2437 1387 2491 docto·

340 2542 401 2578 rum
414 2523 660 2579 Alexandrinorum
673 2538 718 2576 eos
730 2538 778 2591 pro
791 2521 932 2576 Homereie
944 2521 1081 2576 habuisse.
1112 2521 1203 2576 Etiam
1219 2522 1265 2576 hic
1278 2523 1388 2578 silentia

340 2610 495 2680 loquuntur.
538 2611 600 2665 Non
627 2610 698 2680 quod
725 2608 826 2662 talibus
851 2608 1094 2678 significationibus
1119 2609 1237 2663 multum
1258 2611 1387 2680 t1ibuam,

341 2699 429 2767 qualis
450 2700 492 2752 est
513 2714 555 2766 ap.
575 2696 698 2766 Apollon.
722 2697 788 2750 Lex.
812 2713 839 2750 v.
863 2696 1081 2765 Φιλομηλείδης;
1106 2698 1158 2750 etsi
1180 2698 1250 2752 istae
1273 2714 1329 2752 non
1354 2699 1386 2752 de

340 2786 426 2839 nihilo
445 2787 516 2840 sunt.
546 2785 688 2854 Nusquam
705 2784 735 2836 in
752 2786 793 2838 tot
809 2782 926 2838 Scholiis
944 2784 978 2838 ad
996 2783 1111 2838 Iliadem
1129 2786 1157 2838 et
1169 2785 1332 2854 odysseam,
1352 2803 1386 2840 ne

340 2871 424 2926 semel
442 2873 564 2942 quidem,
583 2871 729 2927 auctoritas
743 2871 913 2940 Hymnorum
931 2871 1055 2939 affertur,
1075 2887 1161 2940 quum
1174 2871 1233 2926 eius
1251 2873 1291 2927 rei
1307 2889 1384 2928 occa-

339 2959 380 3016 sio
398 2961 479 3013 esset.
511 2959 598 3012 Immo
617 2976 679 3012 cum
698 2958 830 3026 exemplis
850 2959 905 3010 ’τῶν
917 2961 1054 3027 νεωτέρων
1065 2973 1087 3012 s.
1102 2965 1156 3012 τῶν
1172 2955 1237 3028 μεθ’
1254 2954 1384 3030 Ὅμηρον,

334 3050 478 3114 podiorum
499 3045 617 3098 Homero
630 3045 830 3114 posteriorum,
853 3062 923 3114 quae
948 3046 1097 3099 afferuntir
1114 3046 1148 3100 ab
1166 3045 1235 3115 illie,
1260 3047 1385 3103 convenit

339 3156 530 3210 nonnunquam
546 3139 625 3209 plane
642 3139 689 3193 hie
707 3155 775 3194 usus
787 3137 965 3208 Hymnorum.
996 3137 1070 3204 Quae
1088 3139 1112 3192 si
1129 3155 1196 3194 vera
1208 3143 1284 3210 sunt,
1305 3141 1383 3196 facile

338 3235 427 3302 potest
439 3232 550 3301 coniici,
569 3233 617 3302 qui
634 3233 737 3288 factum
750 3233 798 3299 sit,
819 3234 851 3285 ut
871 3230 936 3285 olim
949 3231 1026 3284 nulla
1042 3231 1156 3286 celebris
1168 3231 1252 3287 fuerit
1263 3235 1382 3289 collectio

338 3326 523 3395 Hynmorum,
546 3327 640 3395 parata
662 3325 696 3381 ab
721 3325 827 3379 erudito
849 3324 1038 3379 Grammatico.
1078 3325 1216 3379 Nimirum
1241 3328 1265 3382 si
1288 3328 1382 3382 diisset

338 3419 414 3488 talis,
433 3420 480 3474 aut
497 3419 623 3490 equidem
636 3418 849 3474 Scholiastamm
863 3417 1085 3472 consuetudinem
1098 3418 1205 3490 ignoro,
1224 3424 1271 3475 aut
1283 3422 1380 3476 alicubi

340 3513 436 3568 saltem
446 3492 513 3566 ⁸eius
529 3529 627 3568 nomen
652 3513 778 3566 exstaret.
807 3510 888 3565 Nunc
907 3511 1010 3580 Hymni
1029 3512 1063 3565 ab
1081 3512 1191 3581 optimis
1210 3515 1379 3584 scriptoribus

340 3605 510 3676 antiquitatis
529 3604 659 3675 neglecti,
678 3606 783 3674 praeter
800 3603 966 3658 Pausaniam
983 3605 1011 3656 et
1029 3604 1132 3659 similes
1150 3607 1328 3676 antiquarios,
1346 3624 1379 3660 ne

341 3698 506 3753 desiderium
529 3699 638 3768 quidem
661 3699 782 3752 nostrum
805 3699 958 3766 moverent,
985 3697 1039 3751 nisi
1064 3714 1125 3753 rara
1151 3699 1259 3755 fo1tuna
1282 3701 1379 3769 aliquot

341 3792 466 3847 codicum
483 3791 557 3846 foliis
573 3792 746 3860 pepercisset.
