2980 4576
340 378 391 432 198
791 377 953 429 Prolegomena.
975 395 978 399 ·

339 580 390 622 eos
420 580 489 622 cum
517 563 639 638 ingenio
669 566 702 622 et
722 566 786 622 arte
809 561 932 621 Homeri
962 564 1174 641 comparandos
1203 568 1302 640 neget.
1346 565 1386 623 At

340 685 441 727 nonne
458 668 492 726 in
511 667 559 726 his
574 667 669 726 multa
685 671 769 742 sunt,
792 685 868 744 quae
882 667 1075 744 Lessingius,
1097 668 1288 744 Wielandus,
1310 669 1385 729 Vos-

340 772 404 832 sius
427 771 569 832 mutanda
590 777 622 832 ot
641 772 802 832 recidenda
823 777 977 850 putarent,
1000 773 1027 833 si
1049 773 1184 834 criticam
1205 774 1302 834 facere
1324 775 1385 834 vel-

338 877 402 938 lent
424 877 462 938 ad
476 877 658 938 Graecorum
679 880 812 938 morem?
849 877 947 952 Quid?
970 879 997 937 si
1018 878 1154 939 diversos
1176 879 1296 938 illorum
1315 885 1385 956 pob-

337 988 435 1043 tarum
464 987 496 1042 et
525 983 730 1061 discrepantes
763 983 880 1044 codices
916 983 1107 1059 haberemus,
1140 1002 1241 1045 nonne
1274 985 1307 1044 id
1337 987 1387 1046 vel
1478 979 1479 1006 ³

338 1105 486 1148 summam
506 1087 683 1147 modestiam
705 1088 772 1147 aevi
794 1089 889 1147 nostri
912 1087 949 1147 ad
965 1087 1109 1148 Graecam
1132 1089 1285 1149 audaciam
1307 1089 1385 1148 invi-

336 1196 431 1254 taret?
476 1193 556 1267 Quid
583 1193 676 1253 adeo?
707 1193 733 1252 si
764 1212 781 1253 e
811 1193 999 1254 discordibus
1028 1194 1210 1254 testimoniis
1231 1199 1387 1254 cantorum

337 1303 369 1360 et
397 1299 586 1358 librariorum
615 1299 806 1359 Aristarchus
837 1317 877 1358 ne
911 1304 1049 1376 potuerat
1080 1299 1216 1377 quidem,
1249 1301 1387 1378 quamvis

336 1404 494 1479 voluisset,
525 1421 619 1480 eoquo
650 1405 740 1465 unice
761 1403 895 1464 animum
925 1405 1117 1480 intendisset,
1147 1423 1324 1481 germanum
1348 1410 1386 1480 et,

276 1515 327 1569 256
336 1513 371 1568 ut
394 1503 398 1589 Ι
422 1510 465 1568 ita
490 1508 599 1582 dicam,
629 1508 844 1586 primigenium
874 1502 986 1568 ἀοιδὸν
1015 1509 1170 1588 reducere;
1202 1511 1387 1589 quandoqui-

336 1614 419 1689 dem,
442 1613 516 1692 quid
535 1613 615 1672 inter
636 1613 718 1673 hunc
733 1619 764 1674 et
778 1615 936 1690 egregium
952 1615 1147 1691 rhapsodum,
1166 1597 1256 1693 atque
1270 1634 1386 1690 rursus,

337 1718 410 1796 quid
431 1719 512 1777 inter
532 1718 714 1794 rhapsodum
736 1719 881 1779 mediocri
903 1719 1027 1796 ingenio
1049 1725 1081 1779 et
1094 1720 1259 1780 Homerum
1276 1721 1386 1780 dormi·

336 1829 450 1884 tantem
472 1823 600 1883 subinde
621 1828 653 1882 et
675 1841 729 1883 suo
758 1824 932 1884 abutentem
953 1825 1075 1900 ingenio
1099 1827 1272 1900 interesset,
1302 1826 1387 1885 nulla

337 1929 468 1989 hominis
492 1928 652 2005 sagacitate
676 1928 813 2005 dignosci
835 1930 940 2006 potuit.

423 2034 475 2094 Sic
496 2033 625 2111 denique
648 2040 784 2111 apparet,
816 2053 906 2112 quam
934 2052 1044 2110 anceps
1074 2034 1205 2094 conditio
1226 2036 1271 2095 rei
1292 2035 1387 2096 fuerit

336 2144 415 2215 tum,
437 2157 531 2217 quum
545 2139 736 2199 Aristarchus
750 2127 885 2200 Homero
904 2157 1052 2198 summam
1071 2157 1194 2199 manum
1208 2141 1384 2216 imponeret.

336 2243 486 2306 Videlicet
507 2244 589 2304 hunc
605 2243 750 2305 Criticum
771 2244 915 2304 obsoloieec
937 2245 1041 2304 demum
1054 2244 1125 2304 Ιιοιιο
1141 2244 1261 2320 poleium
1282 2249 1309 2304 ct
1323 2265 1386 2304 οοιι-

335 2351 444 2408 ιιιιιιιιιι
465 2339 866 2432 ὁιασκεοὴνὉμηρικήν,
890 2352 922 2408 aa
940 2369 995 2426 qua
1016 2369 1063 2408 aee
1084 2351 1201 2408 meditari
1209 2352 1312 2426 primo,
1336 2371 1383 2410 nac

328 2456 420 2513 'imam
443 2455 580 2529 discrepat
601 2455 699 2525 madeo,
731 2455 920 2533 eundemque
949 2455 1074 2515 fortasse
1104 2456 1179 2516 haec
1206 2473 1296 2532 opera
1321 2456 1383 2516 duo

336 2561 369 2618 iu
390 2560 459 2634 has,
482 2577 559 2637 quae
580 2577 661 2620 nunc
683 2564 891 2635 numerantur,
919 2560 1093 2637 rhapsodias
1115 2560 1268 2635 divisisse,
1296 2561 1383 2622 Com·

336 2663 552 2724 mentatoribus
582 2669 612 2724 et
635 2663 844 2725 Grammaticis
864 2665 1031 2724 Homericis
1060 2665 1147 2725 facile
1170 2661 1381 2745 credimus41).

337 2768 548 2844 Quamobrem,
572 2771 599 2828 si
618 2769 656 2830 dc
678 2770 820 2830 universa
841 2769 916 2830 facie
938 2775 969 2829 et
983 2770 1086 2830 habitu
1102 2769 1274 2830 Garminum
1293 2789 1382 2849 quae

424 2976 471 3046 41)
489 2977 551 3032 Vct.
565 2977 710 3033 Grammat.
726 2977 924 3046 [Pseudoplut]
938 2978 971 3032 de
984 2979 1059 3047 poesi
1070 2978 1148 3034 Hom.
1162 2979 1186 3032 2.
1213 2981 1298 3034 Εἰσὶν
1310 2981 1382 3048 αὐτῷ

337 3065 466 3131 ποιήσεις
484 3064 548 3130 δύο,
568 3064 666 3124 Ἰλιὰς
684 3067 746 3117 καὶ
762 3059 959 3129 Ὀδύσσεια,
980 3064 1131 3137 διῃρημένη
1147 3065 1261 3136 ἑκατέρα
1279 3069 1318 3126 εἰς
1335 3066 1382 3119 τὸν

337 3151 532 3222 ἀριθμὸντῶν
551 3156 704 3221 στοιχείων,
724 3153 775 3222 οὐχ
794 3146 839 3204 ὑπ’
861 3153 946 3204 αὐτοῦ
964 3153 1014 3204 τοῦ
1032 3154 1163 3219 ποιητοῦ,
1183 3149 1238 3205 ἀλλ’
1260 3154 1315 3205 ὑπὸ
1329 3155 1381 3207 τῶν

337 3240 540 3310 Γραμματικῶν
557 3241 620 3293 τῶν
639 3241 717 3309 περὶ
730 3235 958 3310 Ἀρίσταρχον.
991 3239 1030 3294 Cf.
1042 3239 1166 3296 Eustuth.
1185 3259 1210 3310 p.
1225 3241 1250 3294 5.
1268 3243 1335 3296 extr.
1354 3241 1380 3294 et

336 3327 422 3382 Iensii
443 3327 600 3382 Lucubratt.
619 3325 739 3396 Hesych.
764 3345 789 3396 p.
810 3325 870 3382 284.
907 3326 1038 3382 Similiter
1059 3329 1183 3382 lecenmt
1208 3327 1379 3383 Grammatici

317 3414 432 3469 ,Graeci
457 3414 486 3466 in
509 3413 645 3468 Herodoto
671 3417 698 3469 et
722 3415 892 3484 Thucydide,
919 3415 1067 3485 multisque
1092 3415 1170 3484 aliis;
1197 3432 1262 3471 mox
1283 3414 1377 3482 Latini,

336 3503 466 3570 tanquam
483 3500 613 3556 Octavius
629 3501 775 3572 Lampadio
797 3503 827 3556 in
845 3502 944 3558 Naevii
963 3501 1038 3557 Bello
1057 3501 1171 3557 Punico.
1206 3504 1248 3557 De
1269 3502 1377 3572 reliquo,

337 3588 408 3658 quod
422 3587 610 3644 Aristarchum
628 3587 710 3642 lauisse
729 3591 876 3656 διασκευῆς
888 3595 1000 3644 nostrae
1013 3591 1190 3656 confectorem
1202 3590 1314 3660 appello,
1332 3605 1377 3643 cur

336 3675 376 3731 ita
393 3677 512 3745 credam,
531 3677 584 3732 alio
603 3676 743 3732 volumine
761 3677 911 3747 explicabo.
947 3677 997 3732 Hst
1013 3677 1083 3732 illud
1101 3678 1191 3747 paullo
1210 3678 1345 3732 diversum
1361 3692 1377 3729 a

337 3765 494 3833 quaestione
521 3762 554 3816 de
579 3769 688 3819 auctore
713 3764 877 3818 recensionis
900 3770 1019 3821 ιιοοινοο.
1057 3765 1218 3836 Quanquam
1241 3783 1291 3821 nec
1313 3766 1375 3818 haec

338 3852 459 3921 quaestio
476 3853 635 3921 pertractari
653 3853 700 3908 hic
717 3855 818 3923 potest,
837 3853 869 3908 ut
887 3854 973 3908 debet.
