2984 4580
316 363 368 417 204
754 364 919 416 Prolegomena.

255 555 307 610 264
314 544 467 606 habilitate
490 539 590 626 hulius
612 547 705 606 totius
726 549 846 640 criticae
864 548 988 609 rationis
1007 567 1067 608 non
1089 548 1274 626 quaerimus3
1304 567 1362 610 nec

314 650 437 710 materia
464 655 565 711 exstet
586 653 756 729 quaerendi.
801 654 879 714 Nam
901 658 932 714 et
953 653 1003 714 hic
1025 653 1239 731 quodammodo
1261 655 1362 712 ruinae

309 757 464 829 perierant.
509 754 662 818 Habemus
683 775 766 819 nunc
787 760 953 820 Homerum
979 759 1012 818 in
1038 759 1188 834 menibus,
1215 777 1277 818 non
1306 759 1362 837 qui

315 1024 387 1078 dum.
424 1024 533 1079 Numae
550 1025 689 1080 Athenaeo
715 1026 806 1080 minus
833 1043 914 1096 quam
931 1026 1077 1082 Plutarcho
1102 1027 1182 1081 fidem
1206 1027 1361 1084 habendam

315 1112 464 1181 putabant?
495 1114 533 1166 At
550 1115 666 1183 uterque
684 1129 734 1168 sua
751 1113 847 1168 retulit
866 1131 900 1168 ex
919 1114 1124 1170 Commentariis
1135 1117 1276 1186 ueterum,
1293 1115 1361 1172 Plu·

313 1200 425 1255 tarchus
456 1200 569 1255 forsitan
596 1217 632 1254 ox
657 1200 820 1270 Stoicorum,
854 1201 902 1256 ille
932 1219 967 1256 ex
994 1202 1243 1258 Grammaticorum.
1288 1204 1363 1259 Nam

314 1286 424 1343 Scholia
441 1287 488 1342 hic
506 1304 613 1358 quoque
632 1290 735 1357 tacere,
754 1305 809 1342 non
826 1289 927 1342 mirum
945 1291 999 1358 est,
1018 1290 1146 1359 quoniam
1164 1306 1196 1345 oa
1213 1290 1244 1344 in
1257 1292 1314 1346 tota
1327 1296 1363 1346 Σ.

314 1376 342 1428 et
363 1374 486 1443 proxime
504 1392 559 1445 seq.
584 1375 675 1444 rhaps.
700 1377 846 1430 admodum
871 1393 967 1432 manca
991 1379 1055 1430 sunt
1079 1379 1107 1430 et
1123 1377 1275 1446 interrupta
1292 1378 1364 1434 vitio

315 1462 425 1518 codicis.
459 1463 519 1518 Iam
544 1465 576 1516 ut
594 1463 689 1532 paucis
707 1480 766 1517 rem
783 1481 938 1535 persequar,
957 1465 1133 1520 Aristarchus
1150 1465 1180 1518 in
1198 1465 1280 1521 Scuto
1299 1467 1364 1522 604.

313 1552 375 1618 post
398 1551 511 1605 verbum
531 1551 699 1622 τερπόμενοι
721 1567 771 1605 seu
796 1552 965 1621 τερπόμενος
987 1552 1088 1606 delevit
1111 1553 1276 1607 mentionem
1295 1568 1364 1606 care-

314 1636 396 1704 toro,
415 1639 498 1690 Μετὰ
516 1637 548 1691 δέ
566 1652 636 1708 σφιν
656 1639 790 1708 ἐμέλπετο
809 1644 887 1699 θεῖος
905 1638 1002 1700 ἀοιδὸς
1014 1642 1170 1709 Φορμίζων,
1188 1641 1237 1695 sed
1250 1641 1366 1711 reliquit

314 1741 410 1779 rursus
434 1725 507 1779 hunc
530 1741 642 1780 versum
658 1726 688 1779 in
707 1725 839 1795 Odyssea,
866 1743 951 1796 quum
968 1726 1030 1781 illos
1048 1729 1116 1796 tres,
1141 1729 1309 1798 τερπόμενοι
1328 1759 1364 1767 -

313 1815 448 1882 μέσσους,
467 1812 496 1866 in
513 1813 603 1882 quarti
615 1813 680 1868 libri
691 1814 857 1882 principium
868 1815 1038 1885 transferret,
1057 1815 1158 1870 additis
1171 1816 1250 1883 adeo,
1269 1817 1363 1871 nescio

314 1901 399 1969 unde,
424 1900 541 1969 duobus,
568 1901 616 1970 qui
634 1918 707 1955 nunc
725 1903 902 1956 numerantur
923 1903 1041 1971 proximi
1061 1903 1102 1958 15.
1122 1904 1163 1957 16.
1201 1902 1364 1973 Quanquam

314 1988 366 2042 hac
384 1988 414 2041 in
431 2005 461 2041 re
477 1988 568 2043 forsan
587 1989 688 2043 erravit
706 1989 875 2058 Athenaeus,
902 1989 961 2044 sive
981 1991 1018 2052 is,
1043 2007 1124 2060 quem
1142 1990 1189 2044 ille
1208 1991 1363 2060 exscripsit.

314 2075 381 2130 Tum
400 2075 517 2130 Criticus
542 2075 580 2131 ibi
604 2076 779 2131 insimulatur
803 2093 851 2145 pro
876 2077 996 2147 genitivo
1021 2078 1195 2147 ἐξάρχοντος,
1223 2078 1271 2147 qui
1295 2078 1364 2133 olim

315 2165 468 2217 constanter
486 2161 573 2217 lectus
592 2163 626 2217 ad
643 2166 780 2218 cantorem
797 2164 926 2233 pertinet,
951 2164 1049 2218 iecisse
1067 2164 1267 2219 nominativum
1285 2165 1364 2234 ἐξάρ-

311 2268 422 2319 χοντεςῑ
448 2251 526 2320 quasi
544 2250 685 2306 saltatores
705 2252 760 2306 dici
778 2254 887 2320 possent
906 2253 1030 2322 ἐξάρχειν
1047 2253 1166 2320 μολπῆς.
1202 2252 1274 2307 Nam
1298 2269 1363 2321 pro·
1469 2269 1471 2274 '

314 2338 404 2406 prium
421 2338 450 2392 id
470 2340 512 2393 est
530 2338 601 2406 eius,
621 2338 668 2408 qui
687 2339 792 2395 cithara
808 2339 854 2394 vel
872 2339 940 2396 tibia
952 2339 1037 2409 canit,
1058 2355 1107 2394 seu
1125 2339 1257 2408 praecinit
1269 2340 1361 2394 choro.

314 2425 354 2479 Ut
370 2442 442 2480 nuno
460 2442 501 2494 ap.
520 2425 670 2480 Pindarum
688 2427 752 2480 sunt
769 2426 1006 2496 ἀναξιφόρμιγγες
1025 2426 1120 2494 ὕμνοι,
1143 2426 1183 2482 ita
1200 2425 1266 2481 olim
1288 2429 1363 2496 apud

315 2513 431 2566 eundem
451 2515 528 2568 erant
546 2513 698 2583 ἀγεσίχορα
717 2512 897 2583 [ἀγησίχορα]
917 2518 1066 2584 προοίμια,
1087 2515 1114 2567 et
1131 2514 1203 2582 apud
1222 2513 1362 2568 Stesicho-

314 2615 377 2651 rum
396 2598 449 2666 [ΕΤ.
469 2600 511 2652 77.
529 2599 638 2668 Bergk]
661 2600 870 2670 ἄρχεσίμολπος
887 2606 1000 2653 Μοῦσα.
1036 2600 1069 2654 In
1088 2617 1140 2669 quo
1158 2599 1223 2654 licet
1241 2601 1362 2656 Aristar-

315 2686 383 2740 chus
405 2687 588 2741 coniecturam
603 2703 681 2742 suam
697 2675 788 2742 forsan
799 2689 870 2742 tueri
883 2688 1017 2756 potuisset
1030 2688 1148 2742 doctiore
1163 2688 1362 2758 significatione

314 2776 437 2841 μολπῆς,
457 2774 494 2842 (v.
508 2774 632 2843 Apollou.
645 2775 711 2829 Lex.
730 2793 756 2830 v.
770 2777 954 2843 petreusem)
972 2792 1026 2830 non
1045 2776 1137 2830 dubito
1156 2778 1248 2831 tamen
1265 2777 1362 2832 multis

315 2860 349 2914 de
374 2862 464 2916 causis
485 2862 611 2916 assentiri
630 2862 870 2931 reprehensoribus
893 2862 977 2917 illius.
1014 2862 1048 2916 Iu
1072 2862 1196 2932 Odyssea
1215 2880 1280 2919 vero
1304 2864 1363 2920 illis

315 2948 440 3004 versibus
461 2949 509 3004 vix
529 2949 605 3004 locus
628 2952 686 3006 erat
702 2952 811 3020 propter
829 2967 873 3019 ea,
899 2967 968 3020 quae
986 2950 1129 3005 verissime
1152 2951 1362 3008 mouet'Athen

314 3054 342 3105 p.
368 3035 426 3089 181.
450 3036 481 3090 Ε.
527 3037 562 3090 m
586 3038 658 3106 quod
682 3039 712 3090 tx
734 3047 785 3089 τοῦ
807 3043 947 3106 Κρητικοῦ
966 3047 1056 3107 χοροῦ
1081 3038 1131 3091 τὸν
1155 3033 1228 3106 ᾠδὸν
1253 3040 1362 3101 ἐξεῖλεν,

314 3123 398 3179 hrrius
424 3125 465 3177 rei
491 3124 659 3193 probabilem
687 3125 821 3179 rationem
851 3125 955 3180 nullam
985 3124 1187 3194 comminiscor,
1218 3125 1363 3180 audaciam

314 3213 406 3266 autem
424 3211 577 3282 corrigendi
593 3214 621 3265 et
637 3211 752 3267 limandi
770 3229 849 3267 nemo
866 3229 920 3267 non
932 3211 1063 3282 intelligit
1075 3212 1210 3281 insignem
1223 3229 1292 3266 esse.
1325 3215 1364 3267 At

315 3299 397 3354 etiam
425 3299 565 3368 maiorem,
592 3301 685 3368 utpote
712 3302 785 3354 certe
811 3299 936 3368 pluribus
963 3302 992 3353 et
1019 3299 1210 3368 pulcherrimis
1235 3300 1362 3356 versibus

314 3386 473 3454 minantem,
499 3386 624 3441 adhibuit
645 3387 780 3442 Diodorus
802 3386 1029 3456 Aristophaneus,
1052 3386 1166 3442 delenda
1190 3388 1246 3442 tota
1269 3407 1362 3458 γαμο-

316 3471 409 3542 ποιΐᾳ,
432 3473 530 3544 Odyss.
550 3473 653 3530 3-20.
690 3475 792 3529 Verum
809 3475 861 3529 hoc
880 3473 958 3528 aliter
976 3474 1081 3542 accepit
1099 3475 1171 3543 apud
1189 3475 1363 3530 Athenaeum

316 3562 427 3617 Casaub.
447 3578 528 3632 quem
545 3562 609 3617 ride
632 3579 658 3631 p.
678 3562 738 3617 326.
763 3562 811 3615 ubi
835 3564 908 3615 recte
933 3560 1015 3615 etiam
1033 3575 1068 3614 aa
1085 3559 1136 3614 hoc
1160 3561 1216 3614 loeo
1234 3561 1362 3629 callipon-

314 3647 380 3702 dwm
404 3650 483 3718 dicit,
507 3654 617 3703 cosmos
640 3648 718 3703 taedia
742 3647 844 3702 codices
866 3647 981 3702 Homeri
1008 3646 1046 3702 od
1068 3646 1211 3702 editionem
1234 3649 1362 3704 Aristar·

314 3735 407 3790 obeam
425 3753 528 3806 mopso
545 3753 579 3791 eoo
594 3743 675 3805 parte
692 3736 781 3803 foisse
799 3735 958 3790 emendatos.
995 3736 1079 3792 Plura
1098 3737 1132 3791 de
1150 3738 1265 3809 utraque
1285 3739 1363 3812 ῥήσει

317 3842 333 3880 a
351 3843 395 3880 me
412 3826 442 3880 in
460 3826 536 3883 aliud
553 3827 661 3895 tempus
678 3827 854 3894 reponuntur.
