2980 4576
569 341 732 394 Prolegomeua.
1142 339 1191 392 141

148 524 290 584 subvenit
310 525 420 585 certior
441 524 547 584 notitia
567 523 752 584 celeberrimi
773 522 971 596 monumenti,
995 521 1086 600 quod,
1115 524 1193 580 teste

147 630 322 706 Plutarcho,
346 631 439 690 solam
453 629 548 690 lliada
569 627 724 689 continuit.
761 628 919 688 Praeterea
941 627 1102 704 comparati
1116 626 1195 685 inter

148 752 181 794 se
196 734 376 794 Plutarchus
398 739 430 795 et
448 734 551 794 Strabo
575 733 757 810 significant,
780 733 814 792 in
835 751 871 792 ea
892 731 1025 809 plurium
1039 731 1194 791 hominum

148 839 304 899 doctorum
324 843 356 899 et
377 839 473 917 ipsius
488 838 706 898 Alexandri'll.
730 837 947 898 emendatrices
969 855 1076 896 manus
1091 831 1093 915 l
1109 854 1194 895 occu·
1205 839 1256 894 184

148 949 233 1021 pates
260 939 418 1025 fuissefl).
464 942 579 1017 Quodsi
609 948 736 1020 uterque
772 943 879 1001 horum
915 941 1093 1018 scriptorum
1120 940 1195 1000 fidos

148 1050 242 1108 duces
265 1054 386 1109 secutus
408 1054 469 1124 est,
499 1048 670 1109 Alexander
692 1048 823 1125 primum
850 1067 868 1104 a
890 1047 1033 1123 magistro
1056 1045 1196 1122 Stagirita

149 1159 306 1230 acceperat
334 1154 443 1213 librum
473 1153 574 1229 illum,
607 1172 697 1232 quem
727 1171 797 1212 mox
826 1152 965 1212 comitem
995 1151 1196 1229 expeditionis

150 1276 255 1318 secum
276 1259 364 1318 duxit
392 1259 426 1318 in
444 1259 560 1335 Asiam,
589 1277 703 1336 perque
733 1257 891 1317 intervalla
920 1257 1108 1334 negotiorum
1136 1273 1197 1314 una

150 1381 221 1422 cum
244 1363 428 1424 Callisthene
451 1369 481 1424 et
495 1364 670 1423 Anaxarcho
681 1359 724 1437 48)
748 1363 861 1423 lectum
883 1381 994 1440 sueque
1011 1380 1101 1422 manu
1114 1365 1196 1420 nota-

149 1473 228 1543 tum,
260 1473 402 1546 tanquam
419 1470 649 1542 pretiosissimum
670 1469 786 1526 humaui
811 1469 901 1525 animi
920 1487 986 1542 opus
1008 1467 1041 1525 in
1063 1466 1196 1544 exquisi-

150 1573 268 1632 tissimo
302 1573 422 1633 Persico
456 1575 564 1632 scrinio
601 1573 742 1650 reposuit.
803 1569 862 1644 Qui
893 1572 987 1630 codex
1023 1590 1062 1629 an
1095 1575 1198 1648 postea

150 1677 271 1737 venerit
302 1678 335 1736 in
366 1677 576 1738 bibliothecam
605 1677 858 1752 Ptolemaeorum,
890 1681 922 1734 et
954 1695 971 1734 a
999 1694 1057 1753 quo
1088 1675 1198 1734 Oritico

151 1783 303 1843 adhibitus
327 1783 367 1842 sit
388 1783 426 1842 ad
449 1783 681 1857 emendandum,
704 1781 938 1852 incertissimum
960 1786 1019 1858 est3
1048 1780 1199 1841 adhibitus

152 1889 234 1948 enim
257 1905 324 1948 esse
346 1888 443 1950 videri
464 1893 571 1966 potest.
609 1888 668 1948 Sed
687 1887 781 1946 multo
804 1887 1005 1964 frequentiore
1027 1904 1085 1946 usu
1107 1885 1199 1945 inter-

151 1994 289 2070 pretibus
308 1993 379 2052 trita
400 1995 566 2071 reperimus
581 1993 719 2054 eiusdem
733 1991 905 2069 philosophi
918 1981 1130 2073 Ἀπορήματα
1146 2009 1199 2051 seu

154 2091 376 2178 Προβλήματα
392 2088 548 2180 Ὁμηριιά
575 2103 607 2158 et
620 2087 833 2178 Ἀπορήματα
860 2089 1030 2177 ποιητικοί,
1063 2115 1101 2154 ex
1128 2113 1199 2172 quo-

152 2222 222 2262 rum
251 2221 376 2280 operum
406 2204 519 2280 priore,
549 2203 679 2262 maxime
709 2203 742 2260 in
765 2201 893 2262 Scholiis
913 2201 1083 2278 Porphyrii,
1114 2201 1200 2277 plura

153 2401 240 2454 fuisse
259 2399 389 2453 credibile
408 2401 461 2466 est,
482 2398 564 2453 etiam
581 2399 777 2453 illustrationes
795 2398 955 2466 lectionum,
982 2396 1134 2451 cuiusmodi
1153 2395 1201 2450 illa
1308 2441 1311 2448 .

155 2490 199 2541 est
221 2503 263 2555 ap.
290 2486 393 2540 Aelian.
418 2485 452 2539 N.
476 2487 509 2538 A.
530 2485 592 2554 XV,
612 2485 653 2539 28.
690 2486 724 2539 In
747 2485 860 2538 Venetis
884 2486 917 2538 ad
941 2489 965 2552 β.
983 2483 1044 2536 447.
1069 2485 1096 2537 et
1121 2503 1138 2538 ι.
1158 2483 1200 2537 21.

155 2574 246 2629 cuivis
265 2576 387 2642 apparet.
411 2572 565 2628 Aristotelis
585 2590 684 2627 nomen
701 2574 860 2627 mutandum
879 2589 939 2628 esse
955 2572 986 2624 in
1004 2571 1200 2640 Aristophanis.

156 2661 246 2728 [Quod
270 2660 398 2715 attulerat
415 2660 556 2715 Villoison.
582 2677 617 2714 ex
639 2661 713 2729 Lips.
732 2659 888 2729 praemissis
906 2659 1010 2714 verbis:
1038 2659 1070 2712 V.
1090 2659 1131 2712 21.
1156 2666 1204 2712 καί

154 2767 193 2817 με
219 2749 322 2801 κελεύει
346 2748 473 2815 δυσκλέα)
499 2748 575 2818 παρὰ
598 2750 637 2816 τῷ
663 2747 811 2816 Ζηνοδότῳ
838 2748 886 2799 οὐκ
909 2747 1042 2817 ἐφέροντο
1069 2749 1096 2798 οἱ
1120 2752 1202 2817 τρεῖς·

150 2831 337 2904 Ἀριστοτέλης
355 2834 386 2888 δὲ
404 2835 511 2900 ἀθετεῖ,
538 2836 590 2889 hoc
613 2853 663 2889 nec
686 2835 825 2889 Behkerus
842 2850 930 2904 neque
947 2834 1102 2889 Dindorfius
1127 2851 1202 2903 repe-

155 2923 210 2976 tiit.
246 2923 282 2976 llt
302 2925 374 2976 recte
395 2922 437 2975 illi
455 2923 577 2992 quidem:
607 2923 717 2978 confusa
735 2923 807 2976 enim
830 2925 959 2991 euntes,
983 2938 1052 2992 quae
1074 2923 1203 2976 adnotan-

155 3012 204 3064 tur
221 3010 255 3064 ad
272 3026 369 3065 versus
383 3009 512 3065 ‘aa-25.
532 3010 609 3080 παρὰ
625 3010 841 3078 Ζηνοδότῳ-οὐκ
858 3010 992 3080 ἐφέροντο
1011 3011 1040 3061 οἱ
1054 3013 1138 3080 τρεῖς·
1156 3011 1203 3061 καὶ

151 3093 355 3166 Ἀριστοφάνης
375 3097 407 3151 dl
425 3096 537 3166 ἠθέτει]

246 3185 293 3251 47)
314 3183 400 3239 Strab.
415 3184 495 3238 ΧΙΠ.
512 3203 538 3254 p.
553 3185 612 3238 594.
628 3184 709 3253 (888.)
728 3183 800 3238 Plut.
815 3185 845 3237 in
856 3185 935 3240 Alex.
953 3202 979 3254 p.
994 3183 1053 3240 668.
1072 3185 1106 3238 D.
1123 3187 1155 3255 [c.
1167 3185 1203 3253 8].

156 3273 200 3326 De
219 3271 367 3326 Alexandri
393 3273 484 3326 studio
507 3271 712 3327 Homericorum
731 3272 888 3326 darminum
911 3273 975 3326 vide
993 3273 1053 3348 ,uiri
1078 3275 1203 3328 accurato

157 3360 233 3414 docti
251 3358 298 3414 Sto
317 3358 399 3414 Oroix
415 3359 538 3414 Examen
556 3361 604 3414 des
622 3359 769 3414 historiens
789 3359 968 3414 d'Alexandre
987 3359 1013 3414 le
1032 3360 1076 3414 Gr.
1096 3378 1121 3429 p.
1135 3361 1204 3431 113„

158 3451 195 3503 de
213 3447 332 3502 editione
357 3449 448 3502 autem
472 3450 506 3522 τῇ
530 3449 560 3501 ἐκ
579 3451 628 3501 τοῦ
646 3449 785 3518 νάρθηκος
803 3448 966 3503 dissidentes
985 3447 1098 3518 Giphan.
1117 3449 1204 3503 Praei.

159 3537 198 3592 ad
217 3535 249 3589 ll.
267 3537 295 3589 et
311 3533 422 3590 Kuster.
441 3536 475 3590 ad
493 3535 567 3590 Suid.
586 3535 614 3589 Τ.
632 3535 665 3588 ll.
683 3552 710 3605 p.
727 3535 800 3590 stet
818 3534 964 3590 Burmann.
987 3534 1045 3590 Sec.
1065 3537 1099 3590 ad
1116 3535 1204 3591 Vales.

158 3622 293 3677 Emendd.
312 3639 337 3690 p.
358 3623 417 3676 155.

250 3708 297 3776 48)
313 3708 355 3762 De
373 3709 424 3764 hoo
442 3709 505 3764 vide
523 3709 583 3765 loca
600 3725 642 3778 ap.
655 3709 761 3780 Menag.
776 3711 809 3765 ad
824 3708 980 3779 [Meibomii]
993 3711 1081 3767 Laert.
1095 3711 1150 3782 IX,
1163 3711 1205 3767 58.

161 3795 344 3852 Callisthenes
363 3797 430 3852 satis
448 3798 536 3851 notus.
