3048 4588
371 378 421 417 VIII
778 365 891 406 Praefatio
906 365 1005 406 editoris.

375 560 451 605 esse.
517 543 661 605 Alteram
705 550 811 608 antem
848 543 1098 627 Prolegomenon
1141 550 1277 627 partem,
1320 565 1414 626 quarn

370 651 499 729 vocant,
533 648 649 729 quippe
682 669 745 732 qua
775 649 855 711 nihil
885 649 1039 711 contineri
1069 649 1206 713 viderem
1236 651 1415 732 cognitione
1481 641 1483 644 ’

371 751 519 832 dignum,
543 753 687 815 consulto
706 754 916 836 praetermisi,
936 772 1040 837 neque
1062 759 1100 815 ut
1123 754 1204 816 docti
1226 755 1413 836 cuiusquam

370 855 645 920 adnotatiunculae
672 857 801 921 fortuito
831 859 965 940 margini
994 857 1157 939 adspersas
1180 864 1236 920 aut
1258 859 1414 940 iterarem,

370 965 426 1023 aut
447 979 560 1042 novae,
591 963 618 1024 si
647 961 707 1026 diis
728 963 877 1045 placeret,
909 981 949 1025 ex
971 962 1232 1042 Bernhardyiano
1254 969 1413 1026 enotarem

370 1065 529 1147 exemplo,
561 1067 647 1148 quod
674 1073 745 1149 post
771 1072 904 1130 mortem
928 1068 989 1128 viri
1011 1066 1184 1129 doctissimi
1207 1086 1280 1130 curn
1303 1069 1414 1130 ceteris

369 1169 458 1234 libris
483 1172 551 1234 eius
573 1171 612 1233 ad
632 1171 797 1252 Gymnasii
820 1173 911 1233 civici
928 1171 1077 1234 Halensis
1100 1170 1323 1249 bibliothecam
1344 1192 1413 1256 per·

371 1277 474 1357 venit,
503 1275 541 1338 ab
565 1277 669 1338 animo
692 1277 867 1359 impetravi.

459 1379 695 1463 Prolegomenis
717 1401 804 1444 nunc
827 1382 955 1444 tertium
975 1382 1009 1442 in
1026 1380 1305 1465 Orphanotropheo
1329 1385 1414 1465 typis

370 1485 527 1548 mandatis
559 1487 711 1569 epistolas·
736 1487 775 1549 ad
804 1485 970 1566 Heynium
1001 1486 1143 1548 Berclini
1173 1487 1247 1565 olim
1278 1495 1303 1551 a.
1330 1489 1412 1550 1797

369 1593 403 1653 in
436 1591 567 1653 aedibus
602 1590 636 1654 G.
670 1590 702 1654 O.
734 1591 764 1654 N
766 1590 852 1653 ankii
884 1591 999 1672 editas,
1033 1611 1112 1674 quas
1146 1575 1413 1675 Bernhardyinm,

370 1697 476 1758 virum
512 1697 550 1758 de
585 1697 708 1778 scriptis
740 1695 908 1760 Wolfianis
942 1697 1067 1778 egregie
1103 1698 1265 1778 meritum,
1303 1718 1322 1759 a
1358 1718 1415 1760 sua

371 1802 553 1864 collectione
576 1803 791 1884 segregavisse
812 1820 876 1862 non
902 1801 1058 1863 immerito
1086 1800 1187 1863 doluit
1213 1819 1316 1884 nuper
1333 1802 1414 1865 Bur·
1439 1840 1440 1843 =

372 1907 494 1986 sianus,
527 1905 612 1988 quod
640 1905 756 1968 iterum
786 1905 962 1968 litterarum
992 1905 1100 1967 formis
1122 1925 1287 1987 expressas
1310 1906 1415 1969 addidi

372 2011 515 2093 comites,
537 2010 647 2073 multis
669 2009 700 2071 id
722 2011 800 2072 viris
824 2009 923 2072 doctis
945 2016 1072 2092 gratum
1094 2028 1145 2072 me
1164 2009 1275 2073 fecisse
1294 2029 1392 2092 spero.

460 2115 598 2178 Multum
631 2115 769 2198 profecto
804 2115 962 2198 temporis·
984 2134 1020 2176 ac
1054 2113 1235 2197 diligentiae
1266 2116 1414 2197 impendi,

372 2226 409 2283 ut
431 2221 508 2283 haec
523 2220 776 2303 Prolcgomenon
800 2219 894 2282 editio
911 2219 1007 2282 huius
1030 2220 1141 2282 aetatis
1158 2219 1414 2284 adiumentonum

372 2345 430 2408 ope
451 2327 485 2387 in
514 2325 618 2388 lucem
641 2323 781 2408 prodiret
804 2343 900 2406 quam
926 2325 1168 2387 correctissima:
1193 2343 1252 2386 nec
1273 2325 1413 2406 poenitet
1445 2357 1449 2371 ·

371 2449 421 2493 me
449 2430 564 2493 laboris
599 2431 633 2492 in
652 2430 759 2492 divino
796 2447 889 2511 opere
908 2430 1102 2512 consumpti,
1137 2447 1242 2510 aquo
1265 2428 1412 2491 Homeri-

371 2527 481 2598 corum
504 2534 696 2614 studiorum,
727 2534 800 2595 licet
820 2552 952 2615 magnos
981 2531 1113 2595 fecerint
1134 2551 1333 2615 progressus,
1356 2534 1411 2613 qui
1521 2581 1522 2584 η

372 2642 500 2724 penitus
522 2658 652 2703 noscere
674 2639 745 2701 vult
767 2639 935 2718 rationem,
963 2643 1001 2699 ut
1023 2637 1168 2718 antehac,
1201 2637 1245 2698 sic
1267 2642 1298 2698 et
1319 2637 1412 2700 hodie

372 2744 529 2829 proficisci
551 2743 644 2806 debet
666 2748 698 2806 et
719 2743 850 2825 posthac
872 2741 1005 2805 debebit.

547 2881 668 2946 Dabam
690 2881 781 2944 Halis
804 2881 977 2961 Saxonum,

425 3004 447 3040 a
470 2988 494 3039 d.
513 2986 575 3039 VII.
594 2986 659 3044 Idus
678 2985 771 3038 Iunias
791 3001 812 3038 a.
833 2982 1106 3036 MDCOCLXXXIV.

870 3237 873 3245 Ι
916 3157 1096 3224 liudolfus
1117 3141 1367 3242 Pcppmiillcr.

766 3460 1020 3469 Ἣ
