2980 4576
364 689 409 749 De
440 689 576 766 Odyssea
608 693 702 751 maior
735 697 782 752 est
813 693 957 756 dubitatio
992 703 1023 757 et
1053 699 1189 775 propriae
1226 717 1325 758 curae.

277 794 345 854 Non
368 796 438 872 quia
461 796 560 854 omnia
581 797 615 855 in
637 797 690 855 illa
709 797 743 856 ad
767 798 898 858 reditum
913 801 1032 876 Ulyssis
1047 803 1231 863 referuntur:
1256 803 1325 880 quis

277 899 309 957 id
330 901 457 959 miretur
479 900 511 958 in
534 893 677 974 ἀοιδαῖς,
707 921 782 978 quae
805 909 955 964 errantem
978 911 1009 966 et
1030 908 1157 984 patriam
1179 925 1325 984 quaeren-

277 1009 339 1062 tem
361 1009 393 1063 et
414 1005 556 1064 reducem
585 1005 727 1080 Ulyssem
756 1013 944 1084 proponunt?
978 1011 1033 1070 sed
1055 1012 1133 1088 quod
1155 1011 1325 1088 Penelopae

277 1113 309 1168 et
331 1109 502 1169 Telemachi
524 1110 643 1169 fortuna
665 1111 905 1190 domesticaeque
926 1115 1110 1176 calamitates
1132 1117 1233 1175 herois
1255 1134 1326 1176 con-

278 1232 352 1288 grua
373 1215 488 1274 ratione
509 1219 678 1290 temporum
700 1235 735 1275 ac
757 1221 860 1277 tenore
882 1237 983 1278 rerum
1001 1221 1045 1280 sic
1067 1222 1234 1297 iunguntur
1254 1241 1327 1280 cum

219 1323 268 1374 121
279 1319 412 1377 externis
434 1320 552 1378 casibus
575 1321 657 1394 1111,
688 1325 723 1380 11
745 1323 846 1380 statim
874 1342 891 1381 1
918 1323 1021 1383 limine
1049 1326 1083 1383 in
1106 1320 1109 1404 Ι
1138 1326 1252 1385 medias
1274 1344 1327 1385 res

278 1423 418 1482 abstracti
449 1441 570 1500 semper
597 1425 635 1483 ad
663 1426 779 1484 exitum
807 1426 1000 1502 festinemus,
1033 1433 1122 1507 atque
1148 1431 1327 1490 redeuntem

279 1544 349 1590 11111
371 1532 402 1586 11
424 1527 525 1604 quiete
553 1534 621 1604 post
647 1534 691 1588 tot
718 1529 840 1606 labores,
857 1532 1026 1593 exantlatos
1047 1540 1209 1612 pacathue
1231 1553 1326 1611 reguo

277 1631 427 1690 fruentem
449 1635 580 1692 maxima
601 1635 694 1692 animi
717 1615 919 1696 sollicitudine
931 1638 1034 1698 videre
1050 1640 1214 1715 cupiamus.
1237 1639 1326 1700 Unde

277 1737 327 1810 fit,
356 1740 390 1795 ut
413 1736 578 1813 Odysseam
607 1757 709 1813 nemo,
738 1741 788 1799 cui
807 1742 928 1801 omnino
956 1743 1074 1818 priscus
1094 1748 1178 1803 vates
1200 1745 1326 1820 placeat,

277 1841 338 1900 nisi
368 1843 531 1919 perlectam
562 1862 579 1902 1
609 1862 700 1902 manu
736 1845 885 1921 deponere
919 1852 1016 1924 queat.
1062 1850 1103 1908 At
1135 1849 1188 1907 illa
1215 1867 1264 1908 ars
1292 1851 1327 1908 id

278 1946 378 2022 ipsum
400 1951 463 2021 est,
492 1948 571 2025 quod
593 1949 646 2006 vix
672 1967 706 2008 ac
723 1967 762 2008 ne
785 1949 838 2008 vix
869 1951 991 2028 quidem
1022 1953 1128 2011 cadere
1150 1953 1270 2012 videtur
1291 1954 1328 2012 in

278 2056 394 2126 vatem,
425 2053 560 2127 singulas
594 2057 712 2112 tantum
743 2055 918 2131 rhapsodias
953 2057 1175 2131 decantantem,
1213 2058 1327 2135 quippe

278 2157 343 2233 qui,
377 2161 412 2216 ut
444 2157 482 2215 ad
512 2159 723 2233 cogitationem
751 2159 820 2217 talis
850 2160 923 2219 artis
945 2161 1062 2236 accingi
1081 2161 1243 2237 potuisset,
1275 2163 1328 2221 vol

252 2262 357 2337 apud
390 2263 644 2340 exquisitissimos
678 2263 829 2323 auditores
858 2265 1005 2340 Aspendii
1039 2266 1210 2325 citharistae
1238 2267 1327 2326 modo

277 2367 360 2426 intus
382 2372 555 2426 1111111111
584 2368 700 2427 fuisset.
746 2368 844 2443 Igitur
874 2367 1045 2429 Telemachi
1074 2370 1132 2429 iter
1158 2370 1327 2430 111111111-

277 2490 342 2531 rem
363 2476 394 2532 et
416 2471 600 2547 Menelaum,
621 2473 740 2548 Ulyssis
765 2490 904 2531 secessus
926 2473 959 2531 in
981 2471 1098 2549 Ogygia
1120 2475 1232 2550 insula,
1250 2476 1329 2536 item
1420 2467 1426 2477 ’

277 2576 512 2650 pulcherrimum
528 2576 670 2650 Carmen,
694 2577 728 2634 in
751 2595 809 2653 quo
831 2595 946 2636 errores
967 2579 1033 2654 ipse
1057 2597 1127 2638 suos
1140 2579 1328 2640 Phaeacibus

277 2681 439 2740 denarrans
464 2681 632 2755 inducitur,
660 2681 825 2758 eodemque
857 2683 943 2740 modo
974 2682 1064 2742 etiam
1086 2680 1216 2760 reliqua,
1246 2685 1274 2743 h.
1299 2704 1325 2746 1.

277 2803 414 2844 seorsum
436 2791 466 2845 et
487 2787 569 2845 nulla
592 2787 776 2862 spectatione
802 2787 961 2846 universae
982 2788 1106 2866 formae,
1135 2790 1171 2848 ab
1194 2789 1326 2849 Homero

256 2921 258 2928 v
277 2891 440 2968 composita
461 2891 557 2950 videri
578 2895 717 2966 possunt,
737 2892 849 2968 diuque
873 2892 1029 2952 decantata
1043 2911 1127 2968 esse,
1148 2894 1326 2972 priusquam

276 2997 386 3074 aliquis
409 2996 545 3072 politiore
568 3001 599 3055 et
621 2996 834 3055 abundantiore
850 2997 964 3056 artibus
978 3016 1050 3057 aevo
1065 2997 1325 3075 animadverteret,

277 3120 312 3160 ea
335 3102 438 3178 paucis
457 3101 641 3174 recidendis,
670 3101 829 3175 addendis,
858 3102 1009 3160 mutandis
1031 3102 1069 3160 ad
1091 3104 1326 3178 perpetuitatem

276 3207 368 3265 111111
397 3206 500 3281 magni
529 3206 660 3281 corporis
689 3206 823 3280 redacta,
856 3225 968 3265 novum
1002 3208 1088 3283 quasi
1111 3212 1142 3266 et
1161 3209 1326 3283 perfectius

278 3312 526 3387 splendidiusque
549 3316 778 3370 monumentum
800 3312 871 3371 fore.

363 3416 497 3476 Eandem
529 3435 593 3475 rem
626 3415 753 3474 forsitan
783 3417 893 3476 frustra
920 3417 1037 3492 experti
1066 3417 1196 3476 trissant
1218 3417 1327 3478 Graeci

277 3521 310 3579 in
329 3515 575 3595 aliis'Ndoaotg,
606 3539 665 3597 quo
687 3520 807 3580 nomine
828 3521 916 3596 plura
938 3522 1095 3580 exstabant
1111 3521 1234 3598 antiqua
1257 3521 1327 3581 Oar-

278 3627 372 3698 mina,
397 3645 523 3703 quorum
545 3644 584 3684 ne
606 3630 741 3685 auctores
761 3626 882 3703 quidem
903 3627 988 3686 nobis
1010 3627 1082 3686 satis
1105 3627 1168 3684 noti
1191 3621 1326 3708 1111188).

366 3804 412 3872 88)
433 3804 485 3870 Qui
504 3805 576 3858 enim
596 3803 740 3858 aCasaub.
755 3767 787 3856 11
804 3803 902 3857 Athen.
921 3803 1025 3872 1V,14.
1046 3806 1112 3857 extr.
1132 3803 1249 3872 aliisque
1266 3804 1326 3858 lau-
