3048 4588
570 355 735 409 Prolegomena.
1145 361 1179 413 55

132 536 236 596 horror
265 540 417 614 troporum
449 541 480 597 et
510 537 677 614 imaginum
709 539 811 614 inflat,
842 545 932 617 atque
961 541 995 599 in
1024 541 1125 601 verbis
1148 546 1180 601 et

132 640 332 702 locutionibus
374 641 517 718 castigata
553 643 728 719 admodum,
765 644 914 722 aequabili
950 645 1179 723 uerecundoque

132 749 236 807 tenore
260 763 314 804 suo
333 747 420 823 quasi
441 747 637 824 praenunciet
664 747 836 824 pedestrem
857 748 1019 809 dictionem
1041 749 1177 827 proxime

19 877 20 884 2
133 854 319 925 secuturam,
355 869 443 928 quam
475 856 576 912 tamen
597 853 728 930 amplius
761 853 818 912 tria
848 847 974 934 saelcula
1007 873 1025 913 a
1055 854 1178 914 nemine
1189 851 1223 904 72

132 958 278 1014 tentatam
306 955 488 1032 reperimus:
522 956 565 1015 ita
597 974 665 1016 mea
692 957 752 1017 fert
771 957 887 1035 opim'o,
918 961 953 1016 ut
982 975 1043 1017 non
1064 957 1179 1018 cultum

132 1059 340 1136 ingeniorum,
363 1060 416 1120 sed
437 1060 496 1120 1111
514 1061 659 1138 quaedam
673 1061 865 1140 maximeque
881 1062 1089 1123 difficultatem
1104 1063 1178 1123 sori-

131 1163 224 1224 bendi
253 1164 379 1225 arbitrer
405 1165 437 1224 in
460 1183 543 1225 mora
568 1166 680 1241 fuisse,
708 1185 767 1245 quo
797 1168 898 1228 minus
922 1169 1069 1246 poetieam
1090 1185 1179 1245 prosa

132 1269 304 1347 eloquentia
318 1275 380 1330 tam
394 1270 500 1345 celeri,
523 1290 613 1348 quam
627 1277 734 1332 natura
753 1273 863 1349 ferret,
884 1272 979 1349 gradu
994 1277 1177 1350 sequeretur.

220 1373 316 1448 Quam
349 1376 385 1434 ob
418 1393 483 1435 rem
517 1377 694 1454 scripturam
725 1382 842 1437 tentare
872 1382 902 1438 11
931 1378 1082 1438 communi
1109 1377 1179 1438 usui

132 1483 234 1556 aptare
267 1479 355 1557 plane
388 1479 470 1540 idem
503 1481 623 1541 videtur
650 1482 759 1556 fuisse,
794 1488 883 1560 atque
913 1501 1031 1560 prosam
1062 1488 1178 1543 tentare

133 1591 164 1644 et
185 1585 220 1642 in
242 1602 278 1643 ea
300 1583 465 1644 excolenda
493 1603 525 1644 se
553 1603 674 1662 ponere.
719 1585 826 1665 Neque
849 1587 931 1646 enim
960 1592 1025 1647 tum
1047 1588 1178 1666 primum

19 1721 50 1774 s
133 1689 325 1750 nascebatur:
351 1690 468 1749 cultura
486 1690 573 1750 modo
597 1690 733 1751 defuerat
755 1696 786 1751 11
808 1692 1000 1752 conformatio
1023 1694 1178 1770 quaedam,

132 1795 164 1854 in
186 1795 285 1870 ligno,
315 1795 459 1870 metallis,
489 1795 640 1873 lapidibus
670 1815 732 1856 non
759 1795 868 1857 melius
900 1797 1065 1874 procedens
1089 1816 1179 1875 quam

19 1901 20 1908 ’
132 1900 164 1958 in
184 1899 325 1958 familiari
348 1917 499 1976 sermone,
521 1901 555 1960 in
576 1900 726 1979 epistolis,
748 1901 782 1960 in
804 1901 1005 1964 concionibus.
1049 1901 1177 1980 Exque

132 2004 208 2063 illud
241 2022 360 2082 quoque
392 2005 467 2064 mihi
498 2005 602 2066 videor
632 2006 757 2083 pulchre
791 2008 977 2084 perspicere,
1005 2026 1060 2068 our
1092 2025 1180 2067 nemo

131 2114 269 2172 veterum
299 2127 350 2170 eos
375 2109 409 2169 in
437 2111 630 2188 scriptoribus
658 2128 764 2188 prosae
786 2117 941 2188 numeret,
970 2112 1023 2191 qui
1045 2113 1179 2172 nondum

19 2225 20 2290 s
132 2214 272 2292 portabili
292 2215 418 2274 materia
445 2216 483 2274 ad
506 2215 696 2276 scribendum
719 2217 768 2276 usi
788 2222 889 2292 erant,
915 2217 962 2276 uti
992 2217 1059 2294 ipse
1089 2217 1179 2277 Solon

135 2321 167 2378 in
188 2320 309 2396 legibus
338 2319 409 2380 suis.
457 2319 550 2380 Multo
576 2321 678 2380 minus
706 2320 740 2379 in
763 2320 845 2381 hunc
874 2339 1035 2382 numerum
1061 2321 1179 2382 admitti
1279 2331 1281 2336 ’

135 2425 234 2501 potuit
264 2425 455 2502 Hipparchus
487 2430 608 2503 propter
636 2426 744 2486 breves
772 2426 938 2486 sententias
967 2431 999 2486 11
1020 2431 1180 2504 praecepta

19 2507 20 2588 Ῑ
134 2549 270 2605 morum,
292 2547 368 2607 quae
389 2529 417 2588 is
442 2533 483 2590 70
505 2530 569 2590 fere
584 2530 672 2590 annis
691 2535 759 2608 post
774 2530 913 2592 Solonem
931 2531 1059 2609 publicis
1074 2549 1180 2590 monu-

134 2635 246 2694 mentis
269 2633 466 2712 insordpenda
496 2630 674 2716 curavit³⁶).
699 2629 703 2716 Ι
742 2635 807 2695 11111
829 2636 945 2695 sinovi
966 2635 1087 2712 generis
1108 2635 1222 2697 scri-73

134 2739 226 2800 bendi
245 2733 384 2798 auctores
406 2739 600 2816 perhibentur
620 2739 644 2798 ii
667 2739 737 2816 soli,
761 2741 814 2818 qui
835 2741 915 2801 iusta
935 2733 1088 2800 volumina
1110 2759 1179 2800 con-

135 2846 206 2906 dere
229 2845 437 2920 instituerunt,
462 2851 497 2904 ut
520 2844 649 2906 Oadmus
671 2845 823 2920 Milesius,
853 2846 1045 2922 Pherecydes
1074 2846 1179 2922 Syrius

135 2957 166 3011 11
186 2950 253 3025 alii,
275 2949 473 3010 Pisistratidis
495 2950 650 3028 aequales,
673 2949 719 3031 (in
734 2951 791 3010 hoc
806 2951 886 3010 euim
908 2951 1066 3012 manifeste
1083 2951 1179 3010 omnis

19 3061 21 3112 t
134 3055 257 3132 antiqua
278 3053 357 3114 fama
378 3050 548 3135 0001111111)
575 3055 607 3114 id
635 3073 743 3131 magno
766 3060 813 3115 est
834 3061 1023 3131 argumento,
1046 3055 1179 3114 librorum

222 3295 267 3361 35)
284 3293 350 3348 Noti
365 3288 543 3362 Ἶππάρχειοι
567 3288 668 3362 Ἑρμαῖ
691 3293 756 3348 olim
778 3293 888 3362 quidem
906 3309 921 3346 0
941 3293 1070 3363 Comitis,
1098 3294 1178 3349 hodie

19 3421 20 3426 1
134 3382 162 3435 in
187 3381 285 3450 primis
313 3397 347 3434 ex
374 3383 483 3434 auctore
501 3379 637 3434 Platonici
653 3379 724 3435 Dial.
744 3381 792 3449 qui
814 3369 988 3450 Hipparchus
1012 3380 1177 3436 inscribitur.

135 3469 171 3538 [p.
194 3466 268 3536 2211]
296 3466 379 3521 Plura
397 3467 473 3520 v.=in
490 3466 590 3520 Morus.
610 3467 666 3520 Att.
682 3465 768 3521 Lectt.
786 3467 821 3537 V,
838 3469 861 3520 7.
881 3468 909 3520 et
931 3466 1037 3522 Pisistr.
1059 3466 1099 3520 12.
1135 3468 1178 3522 Ne

134 3571 197 3609 vero
215 3571 251 3608 ex
268 3553 312 3608 his
330 3553 554 3622 inscriptionibus
573 3553 697 3622 colligas
725 3571 756 3609 eo
780 3556 899 3624 tempore
918 3553 1044 3623 quemvis
1062 3555 1178 3610 Athenis

19 3643 20 3680 ³
134 3641 222 3712 legere
241 3641 335 3696 scisse.
369 3641 403 3694 Id
430 3641 568 3710 aliquanto
595 3644 657 3710 post
683 3641 765 3697 etiam
792 3658 941 3711 paucorum
966 3642 1020 3695 fuit
1043 3660 1078 3696 ex
1103 3659 1178 3714 mag-

135 3731 251 3784 nanimis
278 3729 441 3799 Cecropidis.
486 3729 637 3783 Potuerunt
662 3731 754 3784 tamen
777 3729 798 3782 ii
820 3729 855 3783 ad
879 3729 1038 3783 discendum
1065 3731 1178 3786 invitari

136 3816 180 3872 illo
199 3818 338 3886 instituto,
356 3833 410 3872 non
427 3817 529 3886 peiore,
547 3817 655 3885 opinor,
674 3816 855 3872 elementariis
873 3816 973 3872 libellis
989 3819 1097 3876 nostris.
