3048 4588
593 378 672 430 Proleg
673 390 757 419 mmmmm
1165 379 1198 431 91

155 558 218 617 fere
240 559 314 618 artis
336 559 472 634 magistri
493 559 610 619 hebent.
657 557 734 618 Nam
758 578 852 637 quum
883 559 936 618 ille
957 559 1067 618 seriem
1088 559 1201 635 gravis·

156 663 300 722 simarum
320 681 421 723 rerum
443 682 504 723 non
525 664 661 740 fluxerit,
693 664 746 724 sed
773 664 852 724 fama
881 657 1098 743 acceperit⁸⁷)‚
1128 681 1202 722 num

155 768 207 826 ille
227 769 294 828 veri
315 787 421 845 parum
444 769 555 828 similia
577 769 730 845 videntur,
758 770 881 829 heroem
913 769 1110 828 fortissimum
1134 786 1203 828 cum

155 873 249 949 copiis
272 874 337 934 suis
358 875 395 932 eh
418 874 552 934 exercitu
572 874 764 934 secedentem
793 873 977 934 desiderium
1006 873 1054 932 sui
1076 891 1203 948 movere,

154 977 314 1054 ipsumque
338 978 480 1037 otiantem
494 979 713 1054 Agamemnoni
736 983 768 1038 et
783 977 905 1038 Graecis
925 978 1089 1054 plurimum
1112 995 1201 1053 nego

154 1082 190 1140 tii
213 1088 245 1141 et
267 1101 406 1143 curarum
428 1084 587 1159 exhihere,
610 1102 681 1142 mox
703 1083 848 1144 audacius
869 1083 1054 1143 irruentibus
1068 1081 1202 1142 Troianis

154 1187 301 1261 revocari,
324 1191 355 1246 at
376 1206 515 1264 asperum
537 1193 569 1248 et
590 1188 806 1248 inexorabilem
821 1187 920 1247 virum
942 1205 1051 1263 negare
1070 1188 1202 1263 primum

155 1297 186 1352 et
207 1291 416 1368 tergiversari,
438 1293 547 1352 deinde
569 1294 720 1353 communi
733 1293 867 1370 periculo
882 1293 1047 1354 concedere
1062 1291 1200 1365 amicum,

154 1397 292 1471 tandem,
308 1396 359 1455 ilio
375 1397 511 1458 Hectoris
525 1398 664 1457 menibus
680 1415 782 1473 caeso,
802 1397 903 1473 ipsum
923 1392 1096 1480 uliciscendi
1112 1398 1261 1456 ceuse120

153 1502 252 1561 redire
274 1501 312 1560 ed
332 1520 480 1578 pugnam,
507 1504 628 1580 votique
661 1508 828 1580 compotem
858 1503 923 1562 iure
946 1501 1014 1562 belli
1039 1502 1071 1560 in
1093 1501 1201 1580 Hepto-

77 1671 81 1678 ,
153 1626 219 1666 rem
241 1608 377 1666 saevire?
420 1607 515 1683 Num,
549 1609 577 1666 si
608 1585 802 1684 Thucydides
837 1607 886 1667 vel
919 1607 1087 1684 Xenophon
1121 1606 1202 1666 hunc

153 1729 267 1770 annum
290 1713 323 1770 in
344 1711 468 1772 annales
490 1712 657 1788 retulisset,
688 1711 853 1786 Achillem,
884 1731 977 1789 quum
1001 1712 1203 1772 secessionem

153 1817 294 1891 fecisset,
325 1817 493 1878 describere
514 1822 630 1893 poterat
651 1817 753 1878 minus
776 1817 993 1892 desideratum,
1020 1822 1084 1891 aut,
1108 1835 1202 1894 quum

153 1927 357 1997 revocaretur,
397 1922 498 1982 minus
531 1922 708 1982 honoratum
740 1923 879 1981 minusve
911 1922 1112 1998 pertinacem,
1150 1927 1203 1981 aut

153 2027 301 2104 denique,
336 2046 430 2104 quum
459 2031 593 2087 voterem
619 2027 695 2086 iram
713 2045 791 2086 nova
813 2026 999 2103 expulisset,
1034 2027 1135 2086 minus
1157 2027 1203 2084 in·

154 2134 289 2208 signem,
317 2149 429 2207 aerem,
451 2132 574 2207 fortem,
602 2133 801 2208 generosum?
845 2134 894 2190 An
916 2137 951 2191 tu
972 2131 1084 2190 mirum
1106 2137 1202 2208 putas,

153 2243 186 2298 et
205 2255 266 2296 non
286 2241 425 2312 natiuae,
456 2237 511 2298 sed
531 2237 619 2312 artis,
645 2237 679 2297 in
701 2242 745 2297 tot
769 2236 882 2313 mythis
909 2235 992 2296 illius
1014 2235 1087 2295 belli
1109 2253 1202 2296 unum

153 2343 265 2418 fuisse,
299 2342 353 2420 qui
383 2343 605 2402 continuatione
638 2342 766 2420 quedam
801 2342 981 2402 concinnum
1011 2347 1042 2402 et
1069 2341 1203 2419 partibus

65 2449 71 2460 '
154 2447 220 2506 suis
250 2446 419 2506 absolutum
442 2447 570 2506 Carmen
602 2448 779 2508 exhiberet?
822 2449 922 2521 Anne,
954 2445 1015 2505 illis
1045 2446 1203 2519 concessis,

153 2551 302 2629 opineris,
336 2552 430 2611 multo
464 2553 617 2612 diversum
648 2570 723 2629 opus
759 2553 914 2612 exitmum
946 2552 1055 2626 fuisse,
1086 2549 1204 2610 etiamsi

154 2662 283 2734 quatuor
300 2661 406 2732 poetae
426 2657 518 2716 telem
531 2657 761 2718 deterruissent?
806 2657 932 2717 Felicem
952 2657 1034 2716 dices
1049 2655 1202 2733 populum,

152 2779 174 2819 u
226 2765 258 2820 te
292 2779 469 2836 magnorum
502 2766 654 2837 gestorum
685 2761 949 2836 fecundissimum,
982 2761 1033 2820 cui
1065 2759 1203 2819 Carmina

151 2883 247 2942 prope
269 2871 375 2941 sponte
398 2871 574 2942 nescenttu,
604 2885 680 2944 quae
711 2867 837 2926 eliorum
858 2866 1036 2943 populorum
1061 2863 1201 2924 intentis-

152 2971 240 3031 simis
274 2970 382 3031 studiis
415 2975 446 3032 et
477 2972 591 3032 artibus
625 2989 686 3032 nou
720 2971 912 3047 proveniunt!
969 2971 1079 3030 Ridens
1112 2970 1200 3029 lieet:

150 3093 260 3134 verum
279 3076 321 3134 ita
342 3075 429 3158 plura
449 3081 519 3135 nata
541 3083 612 3136 sunt
633 3077 755 3152 iugenio
778 3075 974 3150 Graecorum,
1003 3075 1113 3153 quibus
1134 3092 1201 3149 pro-

149 3181 230 3240 fecto
253 3197 440 3255 careremus,
462 3181 523 3240 uisi
543 3181 588 3240 illi
610 3181 807 3241 exstitissent.

239 3399 286 3467 87)
303 3400 375 3456 Nem
396 3417 446 3456 nec
470 3403 561 3457 omnia
584 3403 619 3458 ad
643 3403 787 3458 veritatem
810 3402 856 3456 vel
880 3419 915 3456 ex
939 3403 1065 3470 corrupte
1087 3401 1202 3456 veritate

149 3490 244 3543 narrat
261 3487 371 3542 illorum
389 3491 542 3558 temporum
560 3490 664 3558 poesis,
684 3506 772 3558 neque
787 3489 878 3544 omnia
889 3489 979 3558 fingit.
997 3489 1028 3542 ut
1042 3487 1107 3542 olim
1124 3490 1202 3556 pute-

149 3575 218 3630 buut
242 3575 297 3629 viri
326 3575 407 3628 docti.
453 3574 506 3630 Sed
534 3577 636 3631 frustra
663 3576 822 3647 plerumque
849 3575 983 3644 laborant,
1013 3573 1060 3644 qui
1087 3576 1202 3645 utraque

152 3662 310 3716 discernere
327 3661 431 3716 volunt.
468 3661 790 3718 Praedixerrmthlusee:

289 3743 384 3817 ”liuor
402 3751 507 3818 ψεύδεα
526 3749 617 3802 πολλὰ
635 3751 726 3819 λέγειν
743 3751 889 3820 ἐτύμοισιν
907 3750 1000 3818 ὁμοῖα,
1070 3738 1076 3750 ’

295 3838 378 3909 ἴδμεν
397 3838 432 3904 δ’,
453 3837 506 3892 εὖτ’
523 3839 677 3912 ἐθέλωμεν,
697 3837 802 3906 ἀληθέα
819 3838 1014 3910 μυθήσασθαι.
