2980 4576
343 339 394 393 110
791 340 954 392 Prolegomsna.

1158 418 1384 426 Μ

281 519 449 577 144famam
470 520 691 596 interpretando
714 523 856 580 torserint
874 523 1012 581 nonnulli
1029 516 1032 604 l
1047 523 1248 582 recentiorum
1261 517 1303 602 ⁶),
1320 523 1384 580 lon-

342 643 414 700 gum
436 629 482 683 est
504 629 534 683 et
555 625 666 683 mirum
687 631 815 686 narratu.
860 627 982 687 Etenim
1004 628 1050 687 illi
1063 629 1127 688 fere
1143 629 1299 687 Pisistrato
1315 628 1384 686 dare

341 729 483 787 videntur
516 731 634 788 codices
661 731 847 806 singularum
873 733 1114 809 rhapsodiarum,
1146 752 1164 792 a
1192 737 1279 808 poeta
1301 732 1385 804 forte,
1483 797 1484 800 Ἴ

342 839 377 892 ut
399 834 506 894 Suidas
537 834 636 910 docet,
666 836 699 893 in
728 837 819 895 variis
842 838 979 912 urbibus,
1010 857 1084 914 quas
1114 839 1239 912 obierat,
1267 838 1386 897 relictos

284 943 334 998 145
343 939 441 998 dicam
461 958 501 998 an
523 940 746 1016 oppigneratos:
769 941 818 1000 his
840 943 992 1002 codicibus
1014 943 1195 1002 instructum
1214 943 1302 1001 illum
1324 960 1387 1001 cre-

344 1045 414 1103 dere
441 1044 595 1119 videntur,
629 1039 713 1125 (nam
741 1047 885 1106 affirmate
914 1047 996 1124 loqui
1024 1065 1085 1106 non
1114 1042 1253 1126 audent)
1286 1047 1388 1106 confir-

344 1149 459 1208 sionem
480 1150 635 1226 paullatim
664 1169 681 1208 a
704 1151 933 1211 seminatoribus
956 1153 1129 1212 Carminum
1158 1153 1267 1212 factam
1289 1157 1388 1211 sustu-

343 1255 416 1313 lisse
432 1273 467 1313 ao
481 1272 541 1313 non
557 1259 618 1315 tam
639 1273 750 1314 nortun
770 1257 906 1316 ordinem
926 1257 1101 1334 designasse
1124 1277 1214 1336 quam
1228 1259 1390 1335 pristinum

346 1433 398 1502 [uf.
416 1451 489 1487 nunc
507 1434 574 1487 Viti.
587 1433 666 1487 Hom.
682 1434 723 1487 IV
724 1475 730 1487 .
744 1437 771 1486 et
780 1434 813 1486 V.
830 1451 870 1503 ap.
891 1435 1035 1490 Westerm.
1054 1436 1084 1489 in
1102 1436 1195 1489 Jalmii
1212 1435 1283 1488 Ann.
1299 1437 1327 1489 Τ.
1340 1436 1389 1489 lx.

345 1521 438 1589 Suppl.
456 1539 481 1590 p.
495 1520 553 1574 508.
568 1523 595 1574 et
608 1521 667 1574 510.
687 1523 715 1573 et
732 1522 761 1574 in
779 1521 870 1591 Biogr.
886 1523 944 1590 Gn,
963 1523 1011 1576 ubi
1032 1523 1100 1576 alter
1117 1540 1214 1577 versus
1235 1523 1275 1577 sia
1294 1524 1389 1577 scribi-

344 1611 403 1661 tur:
433 1609 521 1677 δῆμος
545 1603 707 1677 Ἐρεχθῆος,
735 1611 782 1660 καὶ
805 1613 863 1678 τρὶς
887 1611 1051 1679 ἐπηγάγετο.
1087 1611 1157 1664 Vide
1179 1611 1262 1664 etiam
1280 1611 1389 1665 Anthou

346 1695 402 1749 Pal.
416 1696 443 1749 Τ.
458 1695 507 1764 IV,
525 1712 550 1763 p.
571 1695 630 1749 184.
654 1697 741 1750 rzerz.
761 1713 837 1765 exeg.
855 1697 933 1750 Hom.
958 1715 983 1765 p.
1000 1697 1025 1750 8.
1045 1697 1137 1751 Herm.
1156 1697 1245 1752 Sahal.
1263 1699 1293 1750 in
1311 1699 1389 1752 Dion.

346 1784 456 1837 Thracis
475 1784 591 1836 Gramm.
610 1801 651 1852 ap.
670 1783 752 1836 Bekk.
771 1785 801 1837 in
819 1786 920 1838 Aneod.
940 1785 982 1852 H,
1003 1785 1075 1853 761]

434 1871 462 1938 6)
480 1871 551 1925 Nam
569 1873 757 1925 transcurrunt
773 1889 832 1926 eam
847 1873 971 1941 plurimi,
993 1875 1072 1941 quasi
1089 1890 1147 1926 rem
1159 1875 1236 1942 parvi
1250 1875 1388 1928 momenti.

330 1959 402 2011 'Alii
420 1958 535 2011 ridicule
553 1960 585 2011 de
606 1975 638 2012 ea
654 1959 803 2028 loquuntur
819 1963 851 2012 ut
869 1961 902 2012 dc
919 1977 991 2014 nove
1002 1961 1128 2014 editione.
1164 1961 1201 2015 At
1212 1978 1291 2016 nemo
1304 1961 1389 2032 magis

348 2045 465 2115 ingenue
485 2063 566 2114 quam
583 2047 716 2100 Kusterus
735 2047 836 2102 Histoi.
857 2049 915 2100 crit.
935 2048 1060 2117 Homeri,
1082 2049 1170 2117 posito
1189 2049 1236 2102 illo
1252 2049 1389 2104 Eustathii

347 2133 418 2201 loco,
437 2151 461 2202 p.
482 2134 523 2187 99.
544 2134 583 2201 [in
606 2134 724 2188 editione
747 2135 857 2202 Iliadis,
881 2151 963 2203 quam
981 2153 1004 2192 a.
1026 2135 1101 2189 1785.
1122 2137 1230 2190 curavit
1248 2137 1388 2205 Wolfius]:

347 2220 413 2274 Non
437 2225 511 2273 earet
534 2219 654 2287 quiden,
678 2222 783 2286 fateor,
807 2221 872 2273 baec
899 2222 1031 2274 sententia
1059 2222 1288 2290 difficultatibus
1318 2229 1389 2276 atta-

347 2323 408 2360 rnen
434 2307 466 2360 ob
493 2307 577 2360 totius
603 2308 660 2373 fere
687 2306 862 2374 antiquitatis
890 2323 1051 2361 eonsensum
1077 2309 1157 2362 aliter
1184 2315 1306 2363 statuere
1334 2324 1390 2361 non

348 2397 417 2448 lieet.
462 2395 629 2449 Consonsum
656 2394 700 2446 vir
726 2394 854 2448 historiae
887 2412 1014 2450 reverens
1046 2397 1113 2449 dicit
1139 2414 1214 2459 eum,
1245 2397 1293 2465 qui
1320 2397 1389 2451 Pisi·

348 2485 463 2538 stratum
491 2483 619 2552 σώματος
644 2483 776 2550 συνεχοῦς
802 2485 848 2534 καὶ
877 2483 1049 2553 εὐαρμόστου
1073 2487 1211 2538 auctorem
1230 2485 1309 2552 facit,
1338 2501 1390 2538 non

347 2571 503 2624 Homerum.
540 2570 662 2636 Leviter,
690 2571 717 2622 et
743 2569 840 2623 vitiata
858 2569 969 2625 Kusteri
988 2572 1136 2640 sententia,
1165 2573 1270 2642 Dresig.
1289 2591 1316 2641 p.
1336 2573 1388 2626 34.:

350 2657 394 2711 Ob
415 2657 522 2710 totius
540 2658 614 2722 fere
633 2655 868 2722 antiquitatis
885 2673 1089 2711 eonsensum
1106 2658 1303 2711 concedendurn
1321 2659 1389 2711 aide-

348 2749 409 2811 tur,
432 2744 522 2810 ipsun
548 2741 655 2810 quiden
682 2742 831 2796 Hourerum
857 2744 1050 2811 emansisse
1076 2761 1135 2796 una
1161 2744 1230 2797 serie
1248 2743 1390 2812 utriusque

344 2831 480 2900 quinatis
499 2830 593 2899 libros,
607 2831 777 2899 posterisque
793 2831 851 2884 suis
864 2836 1009 2898 perpetuos
1026 2847 1076 2884 nec
1088 2831 1224 2899 dispersos
1241 2832 1391 2900 reliquisse,

349 2918 397 2971 sed
414 2919 504 2972 abun
522 2934 580 2972 non
596 2919 653 2972 nisi
670 2918 839 2984 cantilenas,
858 2934 927 2986 quas
944 2919 974 2970 in
990 2919 1098 2986 nuidis
1115 2919 1203 2972 rietus
1219 2920 1315 2988 qratia
1327 2936 1389 2973 ean-

349 3006 433 3072 tarn't,
452 3006 589 3074 dispersas
608 3006 729 3059 edidisse.
767 3007 904 3061 Particula
922 3008 978 3073 fere
996 3007 1092 3062 Latine
1116 3008 1220 3061 utimur
1243 3010 1390 3064 modestiae

351 3111 445 3163 eausa,
469 3111 523 3148 non
545 3096 577 3147 ut
599 3094 770 3148 mendacium
793 3097 924 3164 tegamus.
961 3095 1056 3164 ltaque
1085 3095 1173 3163 qualis
1191 3095 1237 3148 ifle
1256 3097 1293 3150 sit
1311 3096 1391 3150 totius

350 3184 405 3250 fere
420 3180 596 3248 antiquitatis
616 3195 777 3247 consensus,
801 3182 895 3236 docere
918 3198 967 3236 nos
990 3183 1111 3236 debebat.
1146 3183 1188 3236 Ne
1214 3182 1313 3237 Suidas
1334 3185 1391 3253 qui·

351 3272 413 3325 dem
430 3270 448 3322 1.
469 3286 491 3322 ο.
512 3269 641 3333 concinit,
666 3284 747 3336 quem
766 3287 852 3322 unum
869 3269 909 3322 ibi
926 3271 1042 3324 habebat
1058 3286 1122 3338 prae
1145 3270 1246 3324 oculis:
1269 3265 1392 3341 ’Έργαψε

350 3359 400 3423 τὴν
416 3355 519 3409 Ἰλιάδα
538 3357 590 3424 οὐχ
608 3356 679 3424 ἅμα,
707 3357 771 3408 οὐδὲ
794 3357 863 3409 κατὰ
886 3357 918 3408 τὸ
937 3361 1061 3426 συνεχές,
1085 3359 1215 3428 καθάπερ
1239 3359 1391 3428 σύγκειται·

352 3444 408 3496 ἀλλ’
427 3443 508 3502 αὐτὸς
524 3443 578 3512 μὲν
604 3442 722 3508 ἑκάστην
749 3443 899 3516 ῥαψῳδίαν
922 3447 1035 3515 γράψας
1052 3446 1098 3496 καὶ
1117 3445 1257 3506 ἐπιδείξας
1275 3445 1392 3514 [ἐπιδει-

334 3521 480 3598 Ιἐξάμεοᾶος]
503 3532 533 3583 ἐν
557 3533 595 3598 τῷ
613 3537 788 3599 περινοστεῖν
814 3531 863 3591 τὰς
881 3532 976 3591 πόλεις
1001 3535 1107 3602 τροφῆς
1133 3531 1222 3586 ἕνεκεν
1249 3534 1391 3586 ἀπέλιπεν.

352 3617 399 3671 Sic
415 3617 557 3672 Pisistrato
576 3619 685 3671 demum
707 3619 778 3671 nihil
799 3620 935 3688 reliquum
953 3620 995 3685 fit,
1023 3636 1104 3688 quam
1125 3622 1157 3672 ut
1178 3620 1345 3687 rhapsodias
1361 3620 1392 3672 in

352 3703 463 3756 totidem
480 3703 578 3772 libros,
606 3711 670 3772 quot
695 3721 770 3758 nune
796 3705 937 3769 batenus,
962 3705 1075 3759 diuidat.
1111 3707 1207 3775 Itaque
1234 3703 1305 3762 lianc
1325 3708 1390 3762 divi·

353 3791 456 3844 sionem
478 3793 511 3846 ab
529 3792 720 3848 Alexandrinis
738 3793 878 3848 inductam
896 3811 969 3860 esse,
988 3795 1130 3864 ignorabat
1146 3795 1190 3847 vir
1207 3796 1302 3852 bonus.
