3048 4588
601 386 766 440 Prolegomena
1176 383 1209 436 15

163 587 243 642 rum,
276 569 381 646 lingua
402 571 541 646 scriptas,
574 587 629 630 nos
660 569 777 629 barbari
802 559 986 648 ὀψιμαθεῖς
1012 565 1125 644 passim
1150 581 1210 622 non

163 674 290 733 absurde
313 676 462 750 refingere
482 693 570 752 posse
593 675 756 734 videamur.
802 673 904 732 Talem
933 671 1133 732 conditionem
1154 669 1211 729 cri-

163 779 216 838 tici
237 781 386 854 muneris,
414 781 517 840 nullus
537 786 584 840 est
604 781 732 858 scriptor
752 783 804 838 aut
824 782 912 854 poeta
928 776 1131 854 antiquitatis,
1158 775 1210 852 qui

162 884 286 959 perinde
306 889 399 962 atque
430 885 482 945 hic
515 891 618 945 nostor
648 887 759 945 offerat
804 882 904 957 Quum
929 899 1000 941 vero
1021 881 1151 957 plurima
1172 899 1211 939 ex

162 987 283 1047 illorum
304 988 481 1049 Oriticorum
504 990 742 1063 commentariis,
775 993 917 1065 tanquam
945 1004 1000 1063 per
1025 1003 1132 1045 manus
1152 989 1210 1043 tra·

163 1093 241 1167 dita,
267 1093 326 1152 alia
352 1095 385 1152 in
412 1095 487 1155 alias
508 1100 636 1171 aetates,
667 1093 873 1154 vetutissima
901 1092 1009 1168 partim
1030 1091 1062 1148 in
1083 1089 1212 1150 novissi-

162 1216 240 1273 mas,
275 1198 466 1274 devenerint,
500 1218 604 1260 omnes
632 1200 722 1260 istius
752 1198 871 1275 generis
896 1196 1041 1274 reliquias
1069 1195 1210 1272 colligere

163 1303 252 1378 plane
280 1304 411 1379 oportuit
443 1323 528 1379 eum,
570 1304 622 1382 qui
655 1303 850 1380 integriorem
882 1306 1000 1361 textum
1032 1300 1210 1377 requirebat.

164 1405 276 1480 Quodsi
307 1407 383 1467 illud
405 1409 555 1469 industrie
582 1410 658 1484 feci,
692 1413 783 1486 atque
814 1406 933 1466 nullum
961 1405 1083 1482 neglexi
1103 1406 1210 1480 locum,

163 1512 243 1571 unde
276 1513 354 1572 hanc
386 1515 590 1574 recensionem
622 1513 802 1572 limatiorem
830 1511 1002 1585 redderem,
1036 1510 1113 1569 nihil
1135 1510 1211 1568 mihi

162 1617 345 1677 laboravisse
372 1619 488 1693 videor,
524 1624 733 1697 praeterquam
767 1618 847 1695 quod
874 1634 923 1676 res
958 1617 1024 1693 ipsa
1057 1609 1210 1696 exilgeret.
1220 1617 1252 1671 21

163 1721 288 1781 Minime
307 1741 377 1799 ergo
400 1742 523 1801 querar,
545 1729 690 1802 quantum
712 1723 865 1783 molestiae
886 1722 1077 1781 exhauserim
1098 1721 1131 1779 in
1154 1720 1212 1780 hoe

163 1831 225 1885 tam
247 1827 432 1888 diversarum
461 1847 563 1889 rerum
584 1835 706 1905 paratu,
740 1829 774 1887 in
805 1832 850 1887 tot
880 1826 1073 1902 scriptoribus
1095 1843 1169 1902 perv
1185 1824 1210 1883 l-

163 1932 285 2006 vendis,
309 1933 342 1990 in
363 1932 500 2008 legendis
520 1938 551 1993 et
565 1935 675 2011 partim
694 1931 942 1992 reconcinnandis
958 1930 1099 2004 Scholiis,
1121 1934 1210 2007 atque

163 2037 196 2094 in
213 2038 415 2114 conquirenda
444 2043 476 2098 et
497 2039 676 2099 excutienda
697 2043 781 2098 tanta
812 2042 842 2096 et
863 2054 1007 2114 persaepe
1029 2036 1131 2094 inutili
1153 2036 1211 2095 far-

163 2142 267 2218 ragine
290 2143 458 2218 glossarum
479 2149 511 2203 et
532 2144 703 2203 lectionum.
748 2143 863 2202 Navavi
884 2142 995 2214 libens,
1023 2141 1115 2218 quod,
1139 2159 1210 2217 qua-

163 2247 312 2324 lecunque
342 2249 461 2323 navari,
494 2255 525 2308 et
556 2249 594 2307 ad
626 2267 725 2308 meam
753 2248 851 2324 ipsius
883 2247 1052 2306 utilitatem.
1097 2247 1142 2304 Ac
1170 2264 1210 2305 ne

163 2352 236 2411 haee
258 2352 381 2429 quidem
403 2353 440 2412 de
462 2353 571 2412 studiis
592 2353 670 2412 meis
684 2353 851 2430 praefarer,
875 2353 936 2412 nisi
954 2351 1030 2410 mihi
1046 2351 1121 2409 ratio
1144 2351 1210 2410 eius

163 2459 262 2534 operis
283 2458 437 2517 reddenda
455 2464 557 2532 esset,
590 2459 623 2517 in
652 2476 711 2535 quo
743 2458 851 2518 alienis
881 2457 1032 2515 laboribus
1061 2456 1122 2514 frui
1149 2474 1211 2515 non

162 2563 276 2624 liceret.
321 2566 349 2623 A
369 2564 527 2622 iactatione
548 2563 714 2622 industriae
736 2567 853 2622 tantum
874 2564 995 2638 absum,
1014 2568 1128 2623 utnon
1148 2567 1210 2622 tam

162 2667 244 2728 laudi
267 2669 343 2727 mihi
370 2669 435 2727 dari
461 2669 593 2745 cupiam,
624 2669 651 2728 si
670 2669 870 2728 necessariam
890 2686 1009 2745 operam
1031 2687 1091 2727 non
1113 2669 1210 2727 detre-

163 2775 281 2848 ctarim,
305 2792 395 2850 quam
415 2774 502 2849 vitio,
534 2775 560 2833 si
581 2774 632 2832 vel
651 2774 753 2834 minus
775 2779 856 2834 recte
876 2775 910 2832 in
932 2792 967 2834 ea
988 2775 1045 2834 sim
1065 2779 1209 2848 versatus,

161 2879 211 2937 vel
233 2878 397 2955 quidquam
418 2884 517 2938 certae
539 2879 744 2938 emendationi
767 2879 956 2955 profuturum
977 2880 1137 2939 omiserim.

646 3071 729 3137 VH.

249 3223 371 3284 Etenim
392 3223 469 3283 illud
490 3225 564 3284 mihi
587 3244 682 3284 unum
696 3225 881 3302 propositum
903 3225 962 3285 iuit
981 3225 1152 3302 praecipue,
1175 3230 1210 3286 ut

162 3333 282 3388 textum
298 3327 423 3389 Homeri
444 3329 482 3388 ad
504 3348 639 3390 normam
653 3330 787 3390 eruditae
807 3331 993 3408 antiquitatis
1011 3331 1209 3406 emendarem,

161 3438 251 3511 atque
270 3453 341 3493 eum
362 3435 477 3508 verbis,
509 3435 767 3511 interpunctione,
795 3435 979 3511 accentibus,
1007 3454 1099 3513 prope
1119 3437 1210 3497 talem

162 3539 344 3613 exhiberem,
364 3539 462 3616 qualis
473 3557 511 3599 ex
530 3541 756 3600 recensionibus
767 3540 840 3599 olim
851 3541 1067 3617 probatissimis
1079 3543 1208 3618 refiotus,

163 3759 279 3816 aliorum
298 3762 409 3826 docent,
432 3762 513 3830 atque
536 3760 625 3814 omnis
649 3759 719 3815 ratio
737 3760 928 3830 grammaticae
946 3764 974 3815 et
991 3761 1111 3818 liberalis
1129 3763 1209 3819 insti-

163 3849 277 3903 tutionis
297 3849 370 3918 apud
388 3849 531 3905 Romanos.
